3248 5126
325 333 391 398 324
770 344 822 397 DE
845 344 980 399 POENlS.
1302 341 1375 410 [Lm
1390 343 1432 399 11.

331 505 435 594 iopud
451 527 558 573 omnes
573 505 672 574 ferme
684 527 762 592 quos
778 505 920 572 novimus
935 504 1076 593 populos,
1089 527 1148 592 per
1164 503 1238 572 tot
1224 527 1291 593 Jem
1306 503 1431 582 soeculo,

169 623 297 710 5232&
334 614 524 673 conservetae
549 614 630 671 sunt
677 605 761 670 Hinc
786 605 974 693 Pomponius
1001 627 1079 693 ergo
1110 607 1213 670 Deum
1246 604 1432 692 religionem

169 733 249 770 umor
248 671 344 771 «sent.
298 727 396 792 Jurr
386 704 552 770 'usseribit
571 705 730 792 gentium.
753 713 787 770 et
808 705 892 791 opud
918 704 1166 790 Xenophontem,
1185 706 1329 769 Socraten
1354 698 1431 776 roilo

169 779 253 817 ‘m'
263 779 291 818 ω
335 801 425 873 θεοὺι
448 798 574 891 σέβειν,
596 806 684 870 Deos
713 805 813 870 colere
840 805 937 888 tepens
963 825 1028 870 ecee
1053 802 1107 880 eit,
1129 825 1199 889 queo
1221 802 1305 890 apud
1325 823 1431 868 omncs

335 903 475 969 homines
492 902 615 969 veleet:
633 901 716 988 quod
727 912 760 969 et
771 903 879 967 Cicero
893 911 959 967 tum
976 905 1017 968 de
1033 904 1172 968 Natura
1188 905 1334 968 Deorum
1350 901 1430 965 libro

169 1018 260 1102 82⁰2}
335 1001 444 1088 primo,
462 1011 529 1068 tum
545 1003 679 1066 secundo
696 1001 736 1066 de
757 1000 936 1068 inventione
951 1001 1094 1065 affirmet
1140 999 1225 1066 Dion
1241 999 1431 1066 Prueoeensis

172 1075 244 1170 phet.
336 1101 477 1166 oratione
507 1123 566 1166 xtl.
594 1107 684 1165 vocat
708 1093 805 1188 δόξαν
830 1096 882 1166 xci
910 1095 1055 1168 ἐπίνοιαν
1082 1103 1170 1194 κοινῆ
1199 1102 1261 1168 τοῦ
1287 1096 1430 1186 ξύμπαν·

338 1225 397 1270 τοι
426 1197 632 1290 ἀνθρωπίνου
664 1193 791 1282 Ύένονι,
819 1225 933 1279 ομοιινν
960 1227 1022 1275 μιν
1044 1170 1272 1281 Ελλήνων,
1255 1199 1365 1280 ομοίως
1394 1189 1428 1266 δι

336 1294 585 1390 βαρβάρων,
562 1298 749 1386 αναγκαῖαιι
775 1325 828 1362 και
853 1290 1046 1389 εμφντον
1031 1325 1066 1364 ev
1093 1300 1196 1367 παντὶ
1223 1300 1272 1384 τῷ
1301 1299 1428 1385 λογικῷ

336 1391 509 1484 γινομένην
529 1424 616 1462 κατα
609 1390 758 1487 φυσιν·
779 1398 1025 1512 permansionem
1049 1418 1120 1478 pesce
1141 1399 1226 1463 insit
1244 1399 1428 1463 hominihus

336 1497 545 1560 communiter
573 1495 821 1566 omnicreator
848 1497 956 1560 minoe
982 1496 1135 1560 tartareis
1165 1517 1265 1582 qoam
1292 1497 1427 1571 Groecs‘e,

335 1595 552 1659 necessariam
582 1615 622 1658 ac
648 1594 834 1658 naturalem
863 1596 989 1659 conctis
1013 1595 1140 1660 ratione
1167 1596 1341 1660 utentibus.
1387 1595 1430 1659 Et

334 1692 428 1778 paulo
446 1701 535 1779 post:
561 1687 646 1760 πάνυ
670 1719 830 1814 ισχνραν
834 1691 885 1759 καὶ
913 1689 1047 1759 devocer
1065 1689 1102 1759 ἐκ
1124 1721 1185 1760 τον
1207 1688 1330 1765 escoron
1347 1687 1430 1785 χρό-

335 1819 390 1861 νον
415 1792 467 1859 καὶ
487 1788 580 1884 παρὰ
604 1785 686 1858 πάσι
715 1792 784 1862 τοῖς
811 1783 938 1858 ἔθνεσιν
967 1786 1149 1883 ἀρξαμενην
1178 1820 1220 1858 τε
1245 1821 1295 1858 και
1288 1783 1429 1869 διαμέ-

335 1911 466 1960 νουσαν·
485 1893 731 1976 permotionem
748 1891 844 1956 valde
855 1891 1022 1955 roboratam
1038 1912 1079 1956 αο
1094 1893 1323 1976 sempitemom
1339 1892 1429 1975 apud

334 2012 440 2055 omnes
471 2001 583 2080 pentes,
607 2002 638 2056 et
673 2001 811 2074 captam
844 2000 875 2054 et
903 1999 1153 2072 permanentem.
1205 1989 1405 2075 Xenophon'
1397 2009 1429 2052 ιιι

169 2100 314 2150 coniste-
339 2090 493 2154 Οοιινίνίο
510 2096 543 2153 et
561 2087 687 2152 Graecos
708 2097 741 2152 et
763 2086 913 2152 barbaros
933 2086 980 2152 ite
999 2087 1045 2154 eit
1067 2086 1253 2166 existimare,
1271 2097 1347 2154 note
1362 2107 1429 2156 esse

332 2185 403 2251 Diis
419 2195 452 2252 et
468 2185 636 2272 praesentio
652 2195 684 2252 et
700 2185 816 2252 future.

407 2288 430 2350 4
465 2285 536 2350 Hes
552 2283 650 2370 igitur
669 2283 794 2348 notities
817 2285 870 2369 qui
888 2283 980 2370 primi
997 2283 1149 2372 incipiunt
1165 2286 1287 2363 tollere,
1302 2285 1381 2352 sicut
1396 2285 1430 2350 iu

332 2381 412 2446 bene
429 2381 603 2447 constitutis
624 2381 799 2446 civitatibus
821 2383 958 2448 coitrceri
979 2384 1090 2460 solent,
1116 2395 1152 2450 ut
1168 2385 1317 2474 Diagorae
1334 2384 1429 2450 Melio

331 2479 478 2544 accidisse
499 2477 641 2565 legimus,
665 2487 698 2544 et
723 2477 893 2564 Epicureis,
910 2481 964 2566 qui
988 2502 1029 2547 ex
1053 2484 1133 2548 bene
1152 2484 1282 2550 moretis
1301 2484 1429 2549 urbibus

332 2576 423 2662 ejecti
448 2586 530 2654 eunt,
560 2577 621 2642 rito
647 2584 680 2642 et
707 2577 844 2644 coerceri
869 2600 960 2665 posse
981 2580 1119 2646 arbitror
1144 2582 1269 2648 nomine
1285 2584 1428 2648 humente

373 2751 473 2812 vApod
488 2765 565 2800 ornnes
576 2752 654 2813 ferne
674 2765 733 2812 quoe
752 2753 857 2798 necinus
904 2753 994 2800 aedat.
1023 2753 1092 2800 Idem
1107 2754 1136 2801 de
1153 2756 1281 2816 Beneficiis
1296 2769 1330 2804 nv.
1346 2758 1368 2803 4.
1387 2769 1428 2802 nec

325 2826 441 2887 populos]
471 2829 563 2874 Seuere
581 2827 652 2887 epist.
676 2839 759 2872 cxvn.
793 2825 857 2872 Tan-
904 2827 999 2874 intono
1006 2829 1205 2888 [νιοναιιονιιιιιι
1214 2833 1326 2879 mortales
1335 2845 1428 2879 eonem·

328 2915 400 2962 ιμοιιι
409 2903 475 2949 Dece
483 2917 531 2949 esee
541 2903 602 2948 inter
611 2903 664 2948 alia
673 2903 708 2947 eie
718 2901 857 2962 oolliqirnoe,
903 2901 987 2946 eim
993 2899 1130 2962 eloquendi
1135 2901 1209 2948 sorta
1217 2906 1314 2952 minc
1322 2911 1344 2951 et
1354 2905 1428 2968 taff.
1509 2893 1513 2902 '

329 2977 394 3036 qood
402 2977 508 3023 munitor
517 2977 547 3022 de
555 2977 616 3024 Diis
629 2975 710 3036 opinio
724 2976 797 3021 inrita
807 2980 854 3022 ert:
904 2989 971 3021 caess
980 2975 1053 3031 Doce,
1070 2973 1113 3034 cio.
1144 2977 1215 3024 Adde
1229 2978 1353 3025 Plutonem
1366 2979 1429 3026 Pro·

329 3064 371 3098 nee
380 3051 432 3098 ulla
440 3050 710 3112 ammqocmmadeo
717 3055 786 3098 aira
796 3049 857 3109 leaeo
902 3053 998 3108 ἐονονα,
1012 3049 1083 3108 (pop.
1093 3052 1146 3098 ott.
1167 3051 1238 3099 Tem.
1249 3053 1280 3113 1.)
1298 3058 1322 3100 et
1337 3055 1428 3101 decimo

329 3139 448 3186 morerque
458 3125 575 3186 νιοιόοιο,
589 3129 615 3172 ot
629 3137 676 3170 non
689 3123 784 3183 alicime
802 3123 857 3169 deos
904 3123 934 3168 de
949 3123 1058 3183 tectim
1073 3124 1142 3184 (pag.
1156 3127 1199 3173 esi
1216 3139 1243 3175 n.
1260 3141 1284 3176 s.
1306 3129 1375 3176 Τοιιι.
1386 3129 1428 3194 ιι.)

328 3361 418 3432 thing.
454 3361 553 3418 Hence
575 3365 748 3437 Pomponius
763 3366 903 3422 describes
923 3368 1042 3440 religion
1057 3369 1176 3425 toverds
1197 3371 1261 3427 (lod
1281 3389 1313 3427 ee
1332 3389 1351 3428 n
1364 3380 1429 3445 pert

329 3447 420 3503 ottho
434 3447 488 3502 lev
501 3449 674 3516 elnonense
688 3453 745 3506 ond
757 3453 886 3508 Socrates
900 3453 931 3506 in
945 3455 1107 3527 Xenophon
1118 3473 1180 3528 seye
1191 3456 1254 3512 thot
1267 3465 1296 3512 to
1310 3460 1429 3532 worship

328 3533 378 3590 the
401 3534 480 3605 gods,
499 3536 523 3590 is
545 3553 564 3590 e
586 3537 648 3592 rulo
669 3554 772 3610 among
794 3539 832 3593 sll
855 3555 929 3593 mon.
974 3541 1013 3596 So
1032 3541 1130 3597 (licere
1137 3561 1146 3608 3
1168 3541 1224 3597 Dio
1242 3544 1430 3612 Pnuseeneis3

328 3620 489 3690 Xenophon
504 3622 532 3674 in
546 3621 594 3678 the
609 3623 788 3695 Symposion.

381 3711 399 3756 4
426 3705 580 3762 Thereiore
599 3709 679 3764 those
693 3710 756 3764 vhe
767 3711 829 3766 hrot
839 3710 925 3783 hog-iu
938 3717 969 3767 to
983 3712 1050 3768 take
1063 3729 1140 3785 ovuy
1155 3713 1235 3769 these
1249 3716 1429 3781 convictione,

328 3803 359 3843 es
376 3787 445 3859 they
464 3806 538 3860 moy,
555 3793 585 3846 in
606 3795 668 3847 vell
687 3797 860 3852 constituted
877 3804 972 3862 sistes,
992 3796 1029 3852 be
1049 3799 1166 3868 coerceri
1184 3800 1223 3871 by
1239 3801 1429 3871 punishment,

327 3888 358 3926 us
378 3888 433 3928 vas
453 3871 527 3928 done
547 3880 577 3929 to
599 3877 735 3948 Diegores
757 3881 867 3943 Melius,
889 3881 945 3936 end
968 3889 997 3938 to
1016 3883 1066 3938 the
1086 3885 1268 3955 Epicureum,
1282 3886 1344 3942 who
1357 3903 1429 3942 vere

326 3955 436 4026 ejected
456 3956 531 4012 from
554 3960 772 4031 vellzgoverned
793 3971 895 4030 stotes3
924 3983 955 4021 so
979 3985 1045 4040 moy
1065 3969 1133 4040 they
1153 3969 1190 4024 be
1212 3972 1339 4035 coerect,
1362 3989 1392 4025 se
1413 3973 1429 4027 1

327 4041 468 4106 conceive,
487 4042 517 4095 in
536 4042 585 4098 the
605 4062 687 4100 neme
699 4047 733 4101 oi
744 4047 850 4104 humen
871 4053 984 4123 society,
1005 4054 1096 4112 which
1112 4055 1181 4126 they
1194 4057 1297 4111 violeto
1311 4057 1429 4112 without

327 4126 463 4200 probable
485 4145 595 4186 reeeon.
641 4131 680 4185 So
697 4132 840 4190 Himerius
859 4135 993 4208 pleuding
1012 4141 1123 4211 nguinet
1139 4141 1293 4211 Epicurus:
1312 4142 1359 4196 Do
1372 4160 1428 4214 you

326 4215 387 4269 tlon
398 4215 516 4270 demmed
528 4215 585 4270 ilat
604 4233 673 4271 merc
686 4219 816 4273 άοοιιιιιιι
831 4223 859 4275 be
876 4223 1032 4291 ponhledt
1059 4226 1105 4296 Bp
1126 4243 1161 4279 no
1179 4244 1279 4287 meam,
1303 4229 1349 4282 bot
1371 4230 1428 4282 ticat

326 4301 435 4372 impiety
446 4301 548 4356 theold.
596 4301 662 4356 Men
675 4321 740 4374 may
751 4305 848 4360 delicet·
861 4307 1006 4370 trenna·
1027 4312 1085 4381 eloy
1099 4329 1163 4382 neap
1177 4321 1224 4366 not
1238 4330 1333 4384 oppone
1343 4314 1425 4384 piety.

378 4386 500 4442 XLVII.
546 4393 561 4441 l
590 4387 680 4442 Other
693 4391 786 4460 points
800 4391 835 4445 os
851 4392 969 4464 religion
984 4411 1033 4449 ere
1047 4402 1098 4450 not
1108 4412 1139 4450 so
1158 4397 1290 4463 evident;
1310 4415 1351 4462 ce,
1365 4398 1428 4453 thet

325 4469 407 4526 there
427 4487 475 4528 ere
502 4479 553 4526 not
576 4489 654 4528 more
677 4475 747 4546 gods
772 4475 842 4532 then
864 4494 936 4534 onos
960 4480 1023 4535 thot
1048 4481 1113 4535 God
1136 4482 1159 4535 is
1182 4489 1234 4538 not
1252 4499 1308 4554 any
1329 4483 1427 4538 visible
