3248 5126
332 283 397 348 296
776 289 829 343 DE
850 288 988 344 POENIS.
1307 286 1382 354 [Lm.
1395 289 1438 346 Π.

332 458 445 548 saepius
468 454 616 543 deliquit:
640 454 713 542 quia
737 454 861 522 habitus
883 453 957 520 mali
981 453 1101 522 actibus
1121 459 1194 520 suut
1210 453 1340 542 pejores
1392 458 1439 524 Et

333 561 405 626 hine
429 555 560 644 intelligi
585 563 689 642 potest
715 564 868 641 quatenus
894 563 1007 620 natura
1032 576 1156 640 aequum
1181 553 1224 620 sit
1248 555 1332 641 qnod
1351 556 1438 643 apud

334 660 446 724 Perses
462 656 566 730 fiebat,
584 650 639 720 tut
655 655 721 720 vita
737 654 875 719 anterior
891 653 982 719 simul
995 675 1064 718 oum
1080 652 1191 718 delicto
1208 651 1240 718 in
1257 654 1438 720 aestimatio·

333 779 406 826 nem
430 755 563 822 reniret.
614 753 653 818 ld
683 752 763 820 enim
793 754 894 819 locum
921 753 1039 818 habere
1068 751 1162 818 debet
1188 751 1221 816 in
1249 752 1299 818 his
1324 755 1437 839 quibus

334 853 449 942 alioqui
477 876 540 919 non
562 853 651 920 malis
675 853 775 920 subito
800 853 903 938 aliqua
927 850 1074 938 peccandi
1097 851 1227 917 dulcedo
1256 852 1433 939 subrepsit:

334 955 447 1020 nonin
469 955 517 1019 his
539 953 592 1038 qui
618 960 719 1018 totum
741 951 815 1018 vitm
837 973 936 1040 genus
956 950 1169 1027 immutarunt,
1187 950 1219 1016 in
1241 951 1354 1036 quibus
1368 952 1436 1038 ipse

175 1065 292 1118 aesca
335 1055 423 1122 Deus
439 1052 524 1140 apud
541 1051 733 1118 Ezechielem
750 1051 864 1116 nullam
881 1072 916 1116 se
929 1033 1109 1116 habere'ait
1124 1049 1237 1136 prioris
1254 1049 1326 1116 vitm
1342 1051 1436 1117 ratio-

174 1169 283 1209 nal-tt
336 1175 418 1230 nem,
444 1152 617 1239 quibusque
643 1151 722 1217 adeo
750 1148 987 1238 Thucydideum
1012 1148 1089 1214 illnd
1114 1149 1217 1235 aptari
1244 1157 1366 1235 potest:
1392 1143 1436 1218 d:-

339 1253 484 1322 πλασῖας
510 1246 620 1343 ζημίας
642 1243 728 1338 ἄξιοί
750 1250 839 1326 εἰσιν,
865 1245 921 1318 ὅτι
955 1243 1027 1316 ἀντ’
1053 1243 1190 1337 ἀγαθῶν
1213 1247 1302 1316 κακοὶ
1327 1245 1434 1339 ’γεγέ-

339 1369 466 1432 νηνται·
492 1349 667 1434 dupliciter
683 1371 799 1434 pesnas
820 1360 991 1423 merentur,
1013 1369 1048 1413 co
1071 1350 1157 1433 qctcd
1176 1369 1216 1413 ecc
1237 1349 1329 1413 boaeh
1353 1349 1437 1414 muli

173 1465 296 1510 nauta.
328 1451 528 1534 foetiscat.
582 1447 675 1525 Quod
698 1455 730 1513 et
752 1446 826 1512 alibi
851 1446 951 1512 dixit:
976 1442 1031 1514 ὅτι
1057 1441 1114 1514 οὐκ
1139 1443 1174 1513 ἐκ
1202 1442 1436 1538 προσηκόντων

337 1542 578 1640 ἁμαρτάνουσι·
604 1549 686 1633 quio
701 1549 789 1632 :psas
799 1568 937 1632 peccare
953 1548 1085 1611 minime
1101 1547 1241 1611 &cedat
1430 1607 1433 1610 .

412 1649 434 1711 4
469 1647 580 1732 Itaque
608 1645 724 1732 optime
751 1645 921 1710 Christiani
947 1653 1070 1710 veteres
1098 1643 1131 1708 in
1161 1643 1259 1730 poenis
1285 1665 1437 1710 canonum

336 1742 525 1812 aestimandis
541 1749 624 1809 unon
648 1745 765 1810 nudum
791 1744 937 1809 delictum
952 1742 1117 1810 uoluerunt
1140 1742 1245 1830 aspici,
1266 1743 1323 1808 sed
1346 1742 1438 1810 simul

337 1845 412 1911 vitae
439 1845 523 1933 quod
549 1843 707 1931 prooessit
732 1852 765 1910 et
791 1844 874 1930 quod
901 1842 1059 1928 sequitur:
1083 1851 1120 1908 ut
1142 1863 1183 1906 ex
1209 1842 1379 1930 Ancyram
1404 1851 1438 1908 et

175 1952 316 1995 “tm-'¹2¹³
336 1943 405 2010 aliis
431 1944 568 2034 Synodis
593 1944 701 2010 videre
725 1951 780 2009 est.
832 1942 895 2008 Sed
920 1950 953 2007 et
972 1941 1025 2007 lex
1045 1941 1147 2027 posita
1162 1941 1312 2006 adversus
1328 1941 1437 2007 sitium

337 2042 500 2130 specialem
518 2044 672 2130 quandam
689 2041 838 2108 malitiam
851 2039 952 2106 veteri
967 2039 1168 2126 superaddit:
1186 2039 1270 2127 quod
1285 2038 1331 2106 ita
1346 2039 1438 2106 docet

173 2153 313 2238 grater-¹2⁶²
337 2141 548 2231 Augustinus:
575 2144 647 2208 Χῖαι
658 2143 838 2226 prohibens
855 2142 966 2206 omnio
987 2141 1110 2206 delicta
1126 2141 1349 2226 ccrrqcmioot:
1373 2161 1440 2207 nco

336 2319 429 2366 mentio.-
445 2331 491 2376 quo
501 2315 561 2362 caim
571 2315 648 2374 plura
657 2317 711 2359 mat
722 2313 748 2358 in
758 2326 811 2374 quoe
823 2313 862 2358 ιἰι-
913 2313 1018 2366 moribus
1033 2313 1090 2372 q'us,
1109 2315 1151 2375 qut
1166 2314 1284 2375 ear-guitur,
1302 2319 1337 2361 est
1345 2313 1439 2374 ponde.

337 2393 436 2440 cidissus
455 2391 550 2446 delicta,
576 2389 621 2433 hcc
640 2386 751 2443 mojorem
768 2400 864 2446 Ρανιανν
912 2389 1023 2436 randum.
1051 2389 1124 2449 (Gap.
1133 2389 1182 2447 25.)

337 2477 507 2516 commereatur.
538 2461 630 2524 [Dron.
643 2460 696 2508 Sto.
709 2473 724 2505 e
739 2459 792 2506 Lib.
803 2473 864 2508 xxi.
958 2470 969 2496 ¹¹
983 2462 1040 2509 Non
1049 2463 1136 2510 audura
1145 2465 1254 2511 delictum
1264 2465 1385 2512 autumat
1396 2479 1440 2512 oc·

336 2537 422 2596 Eclcg.
433 2536 483 2595 15.]
908 2537 972 2597 pici]
989 2537 1074 2584 Canon
1084 2540 1225 2600 Ancyreum
1236 2553 1300 2586 xxv.
1322 2540 1440 2601 chrysos-

382 2616 390 2647 ¹
408 2613 442 2660 Ut
450 2615 500 2659 otta
513 2612 619 2659 ιαιέινίαν
628 2609 699 2658 simul
714 2625 765 2658 αιαιι
778 2609 863 2655 mtto
912 2617 993 2658 tomus
1003 2613 1034 2658 ad
1044 2625 1074 2660 ιι.
1084 2613 1116 2658 ad
1127 2613 1271 2670 Corinthios,
1281 2627 1334 2674 cap.
1344 2614 1369 2660 li.
1381 2615 1439 2661 ὅθεν

336 2689 363 2735 iu
372 2689 544 2736 estimationem
553 2687 651 2748 centres]
664 2686 763 2734 Asinius
775 2684 863 2732 Pollio:
912 2685 1077 2748 μανθάνομεν,
1093 2688 1135 2734 ὅτι
1145 2690 1173 2734 οὐ
1183 2689 1222 2734 δεῖ
1230 2689 1305 2747 μόνον
1314 2691 1379 2748 wpde
1388 2690 1438 2745 τιὶν

338 2764 413 2826 [apud
434 2766 518 2813 Sensc.
539 2765 635 2810 Suasor.
651 2775 688 2810 vr.
708 2760 791 2822 paullo
806 2763 863 2806 ants
913 2761 992 2820 φύσιν
1013 2765 1065 2808 τῶν
1089 2760 1286 2823 ἀμαρτὴμάτων,
1304 2763 1374 2810 ἀλλὰ
1395 2765 1438 2811 :rol

337 2853 419 2886 versus
437 2840 510 2887 Corn.
527 2837 630 2899 Severi]
647 2851 695 2899 qua
711 2837 789 2897 major
801 2848 864 2896 pm
912 2837 977 2894 πρὸς
997 2835 1045 2892 ‘triv
1063 2834 1172 2882 deductor
1191 2836 1233 2882 :cal
1252 2835 1299 2892 τνίν
1317 2837 1370 2896 ἕξιν
1386 2839 1440 2884 τῶν

337 2916 392 2963 aila
404 2921 474 2977 atquc
484 2915 572 2975 lupercii
581 2915 651 2971 suu,
666 2926 696 2958 ca
705 2910 863 2970 judicandum
912 2907 1109 2970 ἆμαρτανόντων
1123 2909 1172 2965 ercis
1188 2909 1322 2969 μετάνοιαν
1338 2911 1439 2971 ὁρίζειν·

338 2989 517 3036 detentatori.
548 2989 634 3035 Cicero
644 3001 693 3046 pro
704 2986 757 3034 Sul.
784 2986 865 3032 Omni-
912 2983 1095 3030 uadedicciraue
1103 2984 1248 3043 ραπὶίαιίία
1255 2986 1319 3044 fiacr
1329 2985 1438 3034 daem.

338 3063 380 3109 tus
390 3065 415 3110 ta
424 3065 500 3120 retus,
508 3062 610 3120 judices,
620 3075 670 3121 quc
680 3061 803 3120 graviores
811 3073 862 3104 ινια-
912 3057 1004 3103 nondos
1017 3071 1063 3102 noa
1078 3058 1132 3104 colo
1146 3058 1289 3106 delictorum·
1297 3065 1385 3106 acturo
1400 3061 1438 3106 :ir-

330 3137 512 3198 jor-capuceum,
527 3136 586 3196 qaid
594 3134 763 3194 patrocinavit,
772 3133 863 3193 copita-
912 3138 999 3192 merto,
1013 3133 1055 3179 aed
1067 3139 1090 3180 ct
1099 3136 1222 3194 propositi
1235 3141 1257 3182 ct
1271 3137 1345 3181 morie
1358 3150 1439 3182 eamn

337 3213 379 3270 rit,
398 3211 528 3270 admiserit,
545 3224 591 3255 non
606 3222 635 3254 ea
650 3207 754 3264 emmim,
773 3206 816 3252 :ed
834 3220 863 3252 cx
912 3208 1096 3267 quipeccarrmt.
1112 3210 1192 3270 (Tem.
1203 3223 1244 3258 111.
1255 3211 1355 3272 poca)
1370 3211 1438 3268 Idem

338 3457 452 3514 offense.
497 3457 564 3514 Alco
579 3456 660 3513 there
674 3473 792 3530 appears
806 3473 824 3512 a
844 3462 956 3528 greater
969 3458 1089 3530 pravity,
1106 3457 1132 3512 if
1148 3475 1204 3530 any
1218 3475 1273 3514 one
1290 3457 1341 3515 bas
1359 3459 1439 3515 often

338 3544 484 3602 offended:
507 3545 627 3600 because
640 3543 697 3599 bad
711 3544 804 3599 habits
822 3559 871 3598 arc
891 3559 979 3597 worse
994 3543 1064 3598 than
1085 3543 1140 3598 bad
1156 3550 1223 3598 sets.
1268 3544 1333 3598 And
1348 3545 1438 3600 hence

337 3631 361 3684 it
373 3648 437 3700 may
447 3631 485 3684 be
495 3631 667 3686 understood
678 3630 740 3685 how
755 3630 799 3684 far
811 3628 873 3685 that
889 3642 943 3682 was
955 3628 993 3700 by
1005 3635 1106 3684 nature
1119 3629 1269 3700 equitable,
1280 3631 1371 3684 which
1381 3647 1438 3685 was

337 3715 478 3787 practised
498 3732 601 3786 among
615 3716 664 3770 the
678 3717 818 3779 Persicus,
838 3714 901 3769 that
920 3713 969 3769 tho
990 3716 1114 3769 anterior
1133 3715 1183 3769 life
1198 3733 1253 3770 was
1272 3717 1357 3770 taken
1377 3717 1438 3770 into

338 3805 458 3854 account
473 3799 556 3870 along
571 3801 638 3855 with
653 3800 701 3854 the
716 3801 830 3854 offense.
876 3799 950 3854 Tbat
967 3817 1033 3872 may
1044 3800 1080 3855 be
1095 3799 1217 3872 applied,
1235 3799 1328 3856 where
1342 3817 1360 3854 s
1373 3817 1440 3873 per·

338 3901 398 3947 son,
412 3889 463 3937 not
482 3884 629 3939 otherwise
646 3885 710 3948 bad,
727 3883 779 3938 has
796 3884 869 3938 been
885 3901 1032 3940 orercome
1045 3885 1084 3956 by
1098 3903 1175 3940 some
1194 3885 1303 3941 sudden
1317 3893 1440 3959 tempta·

337 3971 414 4024 tion:
438 3967 490 4023 but
509 3971 604 4023 notin
624 3968 704 4023 those
725 3969 787 4022 who
802 3968 874 4023 have
889 3969 1016 4040 changed
1027 3971 1103 4027 their
1117 3971 1207 4026 whole
1222 3988 1321 4027 course
1336 3971 1369 4026 oi
1381 3971 1441 4037 life.

338 4056 369 4108 in
387 4053 478 4108 whom
491 4054 554 4108 (iod
573 4071 635 4126 says
655 4055 693 4109 he
707 4054 763 4107 will
778 4060 829 4110 not
842 4055 943 4126 regard
955 4056 1004 4111 the
1015 4056 1122 4112 former
1139 4057 1189 4112 life
1202 4055 1300 4125 (Ezelr.
1314 4055 1439 4125 xviii.*).

340 4141 379 4196 So
394 4139 580 4212 Thucydides.
1281 4175 1282 4180 ι

392 4234 411 4280 4
438 4227 499 4282 The
510 4227 624 4282 ancient
638 4225 801 4292 Christiane,
815 4225 845 4280 in
860 4227 1002 4298 assigning
1015 4225 1198 4299 punishment
1210 4225 1251 4300 by
1265 4227 1314 4284 the
1326 4244 1440 4295 canons,

383 4353 398 4384 ⁸
415 4355 467 4402 The
481 4354 599 4415 principal
609 4359 665 4414 part
677 4354 705 4402 ot
713 4355 754 4401 the
769 4369 870 4416 passage
885 4355 967 4402 rather
980 4356 1055 4402 refers
1065 4355 1115 4418 (aee
1125 4371 1148 4404 v.
1161 4355 1199 4417 10)
1215 4359 1240 4404 to
1252 4355 1293 4403 the
1307 4369 1351 4403 son
1366 4355 1442 4416 being

338 4429 386 4476 bad
398 4430 467 4477 when
478 4429 519 4477 the
528 4429 607 4477 father
617 4428 660 4476 bas
669 4429 729 4476 been
740 4443 755 4475 a
764 4430 829 4490 good
839 4442 903 4476 man.
933 4429 974 4476 W.
