3282 5136
150 357 219 414 cm.
234 353 331 424 xvi]
472 355 525 412 nn
547 355 924 414 mresrnnrsmoun.
1191 342 1255 412 157

152 523 278 590 tellecta
301 531 386 588 suot.
434 519 544 586 Reotoe
572 519 838 607 interpretationis
866 539 1012 586 mensore
1034 525 1082 585 est
1115 517 1254 586 collectio

151 621 264 688 meotis
280 641 320 686 ex
337 618 435 708 signis
451 618 585 686 maxime
604 619 823 706 probabilibus
875 621 942 684 'Ee
964 618 1054 708 signs
1070 626 1143 685 sunt
1158 618 1255 684 duum

152 741 313 810 generum,
330 719 430 785 verbe
446 725 479 785 et
495 718 680 806 conjectures
696 718 786 786 sliae:
810 740 881 806 quae
900 724 956 784 sut
971 717 1099 784 seorsim
1116 717 1254 784 conside·

152 829 274 897 rentur,
290 826 345 885 sut
360 816 553 904 conjunctim.

229 919 272 983 11.
325 917 360 984 Si
376 917 461 983 nulle
486 916 528 983 sit
543 917 721 1005 conjecturs
736 938 807 1005 que
824 916 918 984 ducet
939 915 1010 993 elio,
1030 916 1128 984 verbe
1143 916 1256 984 intelli-

154 1017 258 1108 gends
273 1027 346 1084 sunt
367 1037 408 1082 ex
424 1015 628 1103 proprietate,
653 1010 737 1082 bnon
762 1015 966 1106 grammatice
981 1036 1052 1102 quse
1069 1025 1118 1084 est
1137 1038 1178 1082 ex
1194 1017 1256 1083 ori·

154 1117 237 1208 gine,
253 1117 309 1184 sed
327 1115 472 1204 populari
489 1136 529 1182 ex
543 1138 612 1192 usu,

272 1237 363 1302 Quem
379 1251 466 1308 penes
483 1235 630 1291 arbitrium
649 1239 702 1300 est,
718 1236 772 1291 et
759 1253 807 1307 Jus
824 1239 855 1291 et
875 1251 975 1291 norme
990 1234 1132 1308 loquendi.
1267 1249 1395 1342 “QZ

158 1333 260 1402 Stulte
283 1355 360 1423 ergo
383 1331 523 1421 perfidiae
545 1331 661 1422 effugio
684 1333 732 1399 usi
749 1342 822 1399 sunt
837 1332 958 1409 ‘Locri
984 1355 1054 1399 cnm
1070 1333 1198 1421 polliciti
1220 1355 1255 1402 se

156 1433 256 1522 pectis
278 1442 415 1499 staturos
430 1431 576 1520 quamdiu
593 1441 711 1498 terrem
726 1433 807 1498 hene
829 1431 1008 1498 insisterent
1022 1442 1056 1499 et
1070 1433 1174 1521 cupite
1197 1434 1256 1501 hu-

157 1532 251 1598 meris
283 1539 454 1621 gestarent,
484 1541 603 1598 terrem
629 1530 844 1598 calceamentis
868 1530 1021 1618 injectum,
1054 1540 1087 1599 et
1113 1533 1256 1600 alliorum
1311 1563 1314 1570 ¹

157 1632 262 1719 cupite
282 1631 419 1697 humeris
438 1629 581 1717 impositu
604 1630 795 1717 abjecerunt,
820 1630 908 1718 qussi
933 1652 971 1696 eo
993 1629 1085 1698 modo
1106 1632 1257 1723 religione

158 1753 192 1796 se
216 1740 342 1818 possent
359 1729 530 1808 exsolvere,
548 1751 619 1816 quse
643 1729 776 1796 historio
791 1729 875 1817 epud
893 1729 1059 1816 Polybium
1074 1740 1197 1799 exstet:
1219 1755 1257 1798 eo

159 1829 265 1896 similis
289 1829 429 1917 perfidiae
452 1829 595 1917 exomple
615 1827 737 1942 eliquot
760 1830 845 1915 apud
865 1828 1057 1917 Polymnum,
1082 1852 1152 1917 quse
1170 1839 1257 1897 bun·
1300 1833 1315 1912 J

159 1930 295 1996 scribere
311 1929 388 1994 nihil
404 1949 482 2016 opus
498 1937 555 2006 est,
572 1927 645 2015 quie
661 1928 904 1994 controversiam
920 1949 984 1992 non
1000 1928 1126 1996 hebent.
1166 1931 1257 2017 Ejus-

159 2029 243 2094 modi
267 2028 426 2094 fraudibus
442 2036 528 2094 recte
552 2026 633 2093 dixit
649 2027 759 2094 Cicero
776 2026 939 2118 adstringi,
965 2048 1027 2092 non
1046 2025 1170 2095 dissolvi
1187 2051 1258 2118 per·
1270 2062 1402 2149 moynel

156 2127 283 2216 jurium.

235 2229 296 2295 111.
347 2220 408 2293 ‘¹In
423 2224 538 2293 artium
555 2236 660 2293 eutem
677 2225 842 2307 vocubulis,
861 2249 931 2314 que
947 2225 1124 2316 populus'
1095 2249 1148 2294 ux
1164 2227 1258 2317 oepit,

160 2407 200 2450 cur
215 2402 276 2450 erin
290 2416 329 2450 rec
345 2402 404 2464 ipae
417 2416 467 2463 qua
481 2401 564 2449 colunt
577 2401 687 2460 humisa,
738 2401 871 2450 Tereum
884 2402 947 2464 erip.
962 2402 988 2448 in
999 2403 1139 2451 hishnmete
1149 2403 1185 2449 11.
1202 2417 1260 2466 ρος.

161 2480 277 2527 mahta
292 2480 338 2527 illa
357 2478 470 2540 primitus
487 2478 599 2539 impositu
615 2478 687 2526 retus
736 2479 788 2525 132.
818 2477 889 2526 Edit.
900 2478 979 2540 Luqd.
987 2479 1020 2526 B.
1033 2478 1099 2527 1654.
1131 2479 1161 2527 J.
1170 2479 1215 2540 R]

161 2552 223 2603 sitit
232 2561 347 2603 curam.
376 2555 451 2616 (Cep.
462 2553 505 2615 rr.)
778 2553 932 2600 *Icarum
938 2547 1152 2616 aecumaecui]
1162 2555 1261 2616 Angue.

205 2629 316 2692 ‘hunss
342 2629 463 2691 Polybius,
486 2629 541 2677 Lib.
554 2641 604 2676 ιιι.
625 2643 648 2677 c.
662 2631 687 2678 4.
734 2629 800 2676 tinne
810 2629 835 2674 in
845 2629 985 2676 rhetoricis:
1005 2629 1038 2677 Ue
1050 2631 1199 2678 aarum
1212 2637 1262 2679 turs

162 2705 244 2753 eluite
253 2706 318 2766 qnod
329 2706 409 2752 Boeoti
422 2706 507 2752 urbem
518 2705 620 2765 polliciti
632 2705 687 2752 red-
735 2719 752 2750 a
762 2705 873 2751 technicie
882 2709 905 2751 et
917 2705 1089 2753 anthemide
1097 2720 1172 2786 quum
1180 2707 1261 2767 apht-

161 2782 227 2840 em,
242 2795 291 2828 non
308 2785 412 2828 stentem
427 2781 469 2827 sed
485 2793 590 2827 eversum
606 2779 686 2826 reddi·
735 2779 840 2838 comptis
855 2780 1055 2840 commeatur,
1070 2777 1178 2841 accipere
1193 2783 1261 2830 debe-

162 2857 226 2904 dere.
261 2856 370 2918 Thucyd.
388 2869 412 2902 v.
433 2855 495 2916 (cup.
511 2856 551 2914 42)
575 2859 601 2901 et
621 2855 687 2915 qnod
734 2853 1262 2914 mmmproaotteommuune,

161 2931 313 2980 hishumetes
337 2931 458 2988 Snltsnns,
493 2931 587 2978 Enboee
609 2936 688 2991 cepte,
735 2942 860 2988 wapro
870 2927 1002 2974 condelucus
1007 2929 1128 2988 precepto.
1152 2928 1261 2989 (Ceph

161 3021 216 3054 eum
231 3006 343 3054 dluecnit
360 3007 398 3054 cni
414 3009 487 3068 ceput
500 3006 620 3052 lnoolume
635 3007 688 3053 fore
735 3003 840 3063 Princip.
851 3002 972 3049 Rhetoric.
987 3001 1048 3049 lslsc
1058 3002 1094 3048 llll
1104 3002 1205 3051 Ductori
1215 3005 1259 3052 tri-

161 3083 310 3143 prosnimt,
342 3080 418 3142 [Vide
439 3080 464 3129 J.
481 3079 633 3128 cosmus.
659 3079 688 3127 de
734 3075 870 3139 hetorum.)

162 3309 615 3382 fromthemostprobubiesigns.
650 3308 743 3366 These
751 3307 926 3381 signsereof
933 3313 989 3364 tro
997 3305 1089 3371 kinds,
1098 3307 1196 3374 words,
1206 3308 1263 3364 end

163 3396 439 3467 otherconjectures3
456 3395 546 3452 which
555 3412 604 3452 ure
613 3395 778 3452 considered
786 3395 878 3451 either
885 3394 1044 3466 seperstely
1053 3411 1086 3449 or
1097 3395 1261 3468 conjointly.

218 3483 256 3538 11.
289 3481 321 3537 1r
326 3483 405 3538 there
418 3484 441 3538 is
452 3499 490 3538 no
500 3483 661 3554 conjecture
670 3481 760 3536 which
773 3482 867 3553 points
877 3480 998 3536 another
1010 3497 1098 3553 ewey,
1113 3481 1162 3537 the
1173 3481 1264 3538 words

163 3565 1265 3640 sretobeunderstoodmotaccordingtogrsmmuticelendetymologicel,but

164 3655 284 3728 populer
293 3655 447 3727 propriety,
459 3671 491 3709 ιιι
505 3653 651 3726 regulotcd
662 3653 701 3726 by
710 3669 804 3724 usage.
848 3652 923 3708 'l'hnt
936 3669 992 3708 ves
1006 3652 1137 3708 efoolieh
1150 3655 1264 3710 evssion

164 3739 307 3798 therefore
322 3741 355 3796 of
366 3740 415 3795 the
426 3741 568 3806 hoerism,
583 3739 654 3805 who,
667 3739 749 3794 when
762 3738 831 3811 they
841 3737 899 3792 hed
909 3753 1000 3793 sworn
1014 3736 1077 3794 thet
1088 3737 1157 3810 they
1171 3739 1264 3796 would

164 3826 237 3898 keep
250 3825 324 3882 their
338 3834 467 3898 compect
481 3842 511 3881 es
526 3827 593 3896 long
611 3842 642 3880 ιιι
656 3823 724 3898 they
739 3824 821 3880 stood
838 3820 915 3896 upon
926 3822 977 3879 the
988 3823 1069 3880 eerth
1083 3823 1141 3878 end
1155 3825 1265 3881 cerried

165 3911 252 3968 heeds
263 3927 301 3968 on
316 3911 390 3968 their
400 3911 555 3978 shoulders.
569 3918 622 3983 put
636 3911 718 3967 eerth
731 3911 760 3965 in
776 3910 851 3966 their
869 3908 961 3975 shoes,
979 3909 1036 3964 end
1053 3909 1140 3966 heeds
1155 3911 1188 3967 of
1201 3929 1265 3983 gar.

166 3997 221 4053 lick
234 4013 272 4053 on
284 3996 359 4053 their
377 3997 533 4063 shoulders,
551 3997 608 4052 end
622 3996 691 4053 then
705 3995 795 4052 threw
808 3995 888 4051 them
898 4012 993 4068 ewsys
1014 4012 1045 4051 ιιι
1059 3996 1086 4051 if
1100 3995 1170 4070 they
1180 3997 1265 4054 could

165 4083 195 4152 in
217 4083 281 4139 thet
303 4100 364 4156 wey
383 4083 445 4140 free
466 4083 634 4139 themselves
655 4083 730 4137 from
752 4082 827 4138 their
844 4081 929 4138 osche
961 4098 992 4136 ss
1018 4082 1069 4136 the
1090 4088 1168 4155 story
1187 4085 1211 4138 is
1234 4085 1265 4138 in

165 4167 309 4242 Polybius.
333 4169 426 4224 'l'here
440 4186 489 4226 ere
503 4185 581 4225 some
592 4169 734 4240 exemplos
746 4169 779 4223 of
790 4167 897 4223 similer
907 4167 964 4222 bed
978 4167 1051 4223 fsith
1064 4168 1094 4222 in
1107 4168 1265 4240 Polymnus,

165 4255 255 4356 phlch
266 4255 321 4311 itis
332 4261 383 4312 not
395 4271 542 4327 necessary
552 4262 583 4310 to
597 4253 761 4320 transcribe,
774 4254 895 4310 hemum
906 4252 988 4309 there
1000 4255 1023 4308 is
1035 4270 1073 4308 no
1085 4265 1266 4326 controversy

165 4340 288 4396 insuch
307 4358 394 4397 ceses.
442 4341 541 4397 Cicero
564 4339 669 4414 rightly
688 4357 761 4415 seys,
781 4339 845 4397 thet
862 4339 932 4396 euch
952 4341 1075 4396 artifices
1089 4339 1127 4395 do
1148 4345 1200 4394 not
1220 4355 1267 4394 ex-

165 4432 290 4514 tenmte,
302 4427 356 4483 but
369 4427 505 4483 esteblhh
518 4427 637 4500 perfldy

222 4513 355 4570 111.1n
369 4519 457 4569 terme
474 4512 507 4569 os
518 4519 571 4576 ert,
588 4513 727 4579 however,
747 4512 836 4569 which
851 4529 900 4569 ere
911 4510 1061 4586 populsrly
1072 4509 1174 4582 hsrdly
1185 4508 1268 4566 intel·
