3248 5126
381 333 444 398 332
826 340 879 394 nn
901 340 1039 396 nonme.
1358 337 1438 406 [nn.
1450 337 1490 392 11.

380 502 472 569 modo
498 502 539 568 ad
566 501 697 568 honesta
723 498 826 565 omnia
849 507 944 585 atque
973 498 1015 564 ad
1039 496 1246 564 exhibendam
1271 495 1491 585 superioribus

381 600 587 667 obedientiam
602 602 726 676 ducant,
751 621 809 664 neo
825 597 960 685 suspecti
983 619 1050 662 esse
1067 598 1183 662 debent
1199 607 1296 664 oetas
1312 598 1488 682 proborum

381 699 548 775 hominum,
574 698 683 786 etqui
707 697 807 764 lutere
832 719 895 762 non
916 704 1064 783 qoaerunt
1085 695 1144 761 nisi
1169 706 1331 784 cogantur.
1382 697 1488 762 Recte

381 799 443 864 hoe
457 807 562 885 eptem
579 798 663 884 quod
680 798 860 886 Augustum
883 795 923 861 de
940 797 962 860 J
965 795 1124 860 udaeorum
1142 795 1346 860 consentibus
1368 795 1487 861 dixisse

382 891 486 962 ‘Philo
503 902 742 963 commemorat:
765 917 827 960 non
843 915 895 960 eos
917 893 1117 960 bacchanalia
1138 915 1206 959 esse
1225 901 1281 960 ant
1302 903 1400 960 coetos
1416 902 1488 959 tm·-

382 997 495 1063 bandae
510 996 589 1083 paci,
606 997 662 1061 sod
678 996 828 1060 virtutum
849 993 978 1059 scholas.

458 1097 479 1160 2
514 1095 577 1174 Qui
602 1095 635 1160 in
654 1094 733 1160 tales
753 1093 895 1169 sadum,
919 1091 979 1179 ipsi
1000 1090 1034 1156 in
1051 1113 1091 1158 ea
1112 1112 1206 1158 musa
1227 1100 1300 1159 sunt
1323 1101 1359 1157 ut
1377 1091 1486 1179 puniri

218 1201 291 1286 ffiffl·
301 1201 345 1250 Ἀ
377 1195 463 1281 juste
478 1193 605 1281 possint,
623 1193 706 1279 quod
723 1201 756 1257 et
772 1192 902 1256 Thomas
916 1190 1050 1256 videtur.
1092 1189 1198 1276 Atque
1215 1213 1284 1256 eam
1302 1192 1341 1256 oh
1358 1213 1486 1256 causam

382 1292 624 1359 iConstantinus
644 1289 771 1366 Licinio,
797 1289 1008 1375 Imperatores
1023 1282 1095 1353 halii
1111 1289 1216 1354 Persis
1236 1290 1350 1355 bellum
1371 1290 1487 1355 intole-

366 1400 476 1457 runt:
501 1410 678 1477 quanquam
695 1389 762 1453 haec
773 1386 856 1452 bella
873 1388 973 1476 magis
989 1388 1032 1454 ad
1048 1388 1244 1453 innocentum
1261 1388 1483 1468 defensionem,

380 1490 422 1556 de
439 1511 501 1576 qua
515 1497 548 1556 ct
569 1487 653 1553 infra
666 1507 804 1576 agemus,
822 1507 916 1572 quam
933 1487 974 1551 ad
992 1509 1091 1573 poenae
1109 1487 1301 1552 exactionem
1315 1487 1485 1574 pertinent.

450 1589 487 1654 L.
529 1590 548 1652 1
583 1587 624 1652 In
648 1609 700 1652 eos
723 1607 800 1652 uero
825 1586 879 1671 qui
897 1584 1015 1652 Christi
1038 1587 1142 1674 legem
1164 1606 1224 1673 pro
1250 1607 1326 1651 vera
1350 1587 1483 1663 hahent,

381 1687 455 1754 ³sed
477 1687 517 1753 de
542 1685 727 1772 quibusdam
754 1704 826 1769 quae
850 1692 906 1749 aut
927 1693 1018 1749 extra
1039 1684 1142 1773 legem
1167 1693 1249 1760 sunt,
1275 1694 1331 1751 ant
1355 1685 1388 1749 in
1411 1686 1488 1773 lege

381 1808 505 1854 sensum
522 1785 668 1852 ridentur
685 1783 802 1850 habere
823 1782 1012 1871 ambiguum,
1035 1791 1069 1848 et
1085 1781 1126 1848 ab
1143 1781 1278 1868 antiquis
1299 1783 1487 1850 Christianis

381 1908 443 1951 non
459 1885 591 1952 eundem
605 1883 638 1949 in
654 1883 778 1948 modum
795 1891 868 1947 sunt
883 1881 1032 1968 exposita,
1049 1880 1193 1947 dubitant
1207 1889 1263 1947 aut
1277 1892 1394 1960 errant,
1411 1905 1486 1970 aop-

380 1985 480 2074 plioiis
496 1983 549 2071 qui
565 1991 757 2072 grassentur,
774 1979 936 2068 periniquo
952 1979 1087 2047 faciunt:
1110 1981 1194 2066 quod
1211 1981 1379 2047 ostendunt
1394 1991 1428 2048 et
1445 2005 1486 2050 ea

381 2105 451 2169 quae
473 2093 547 2149 ante
572 2081 717 2158 diximus,
742 2091 775 2146 et
796 2080 979 2146 Judaeornm
1004 2079 1180 2166 exemplum
1198 2087 1297 2144 retus.
1338 2081 1423 2147 Nam
1449 2082 1486 2147 hi

426 2257 522 2305 ‘Pauo
538 2255 711 2316 commemoret]
732 2256 762 2302 ln
779 2255 909 2316 legatione,
956 2255 1083 2303 edocendi
1099 2270 1181 2313 corun,
1193 2272 1264 2318 quon
1277 2257 1368 2304 made
1380 2259 1486 2306 odnie

382 2335 420 2394 (p.
428 2335 486 2381 1036
496 2333 535 2392 s.)
550 2331 664 2377 Similiter
678 2335 704 2377 et
714 2331 775 2376 libro
789 2330 821 2376 de
835 2330 907 2376 sacri·
956 2329 1004 2376 aas
1020 2329 1122 2376 credita.
1153 2330 1268 2376 Relatum
1286 2336 1323 2378 est
1342 2331 1367 2377 in
1387 2347 1487 2380 musam

381 2407 515 2461 liuentibus,
540 2405 642 2450 lmnnde
662 2403 768 2448 ostendit
791 2408 908 2462 quantum
957 2408 1134 2464 xxuuanrst.
1142 2405 1237 2452 iinon.

382 2492 510 2540 synagogas
522 2477 768 2536 distentwsganicis
781 2477 908 2536 mysteriis,
1002 2477 1014 2512 ¹¹
1039 2478 1091 2525 Alii
1111 2478 1208 2540 Persis]
1236 2481 1299 2528 Vide
1324 2481 1486 2531 Menandrum

383 2554 513 2616 (pependi,
527 2551 585 2613 hc.)
614 2553 693 2598 Loens
706 2555 807 2611 atomus
820 2553 908 2612 dignas
957 2552 1131 2601 Protectorem.

381 2629 474 2689 inspici.
506 2628 588 2675 simile
599 2627 673 2673 hebet
687 2625 749 2672 libro
761 2626 837 2672 altero
852 2639 909 2672 oon·
1001 2627 1013 2655 ⁸
1028 2629 1057 2673 ln
1067 2629 1129 2674 ιιιοο
1138 2642 1188 2676 rem
1199 2629 1314 2678 habemns
1326 2633 1416 2692 scripta
1427 2634 1486 2694 plu·

381 2705 420 2749 tra
430 2701 570 2761 Appionem
581 2700 597 2746 J
599 2698 710 2759 osephus.
956 2701 1018 2746 rime
1027 2703 1072 2747 sab
1081 2701 1153 2748 finem
1168 2705 1249 2750 meoli
1261 2705 1369 2764 proxime
1383 2713 1486 2765 prseter-

387 2807 389 2810 -
426 2776 621 2824 scommaticum
633 2773 740 2835 buinio]
756 2775 819 2821 Vide
830 2775 909 2820 Ζοοο·
957 2775 994 2832 lti,
1009 2780 1035 2821 et
1048 2775 1167 2836 hocipso,
1180 2791 1229 2837 qno
1244 2779 1351 2836 sivimus,
1365 2780 1390 2825 ia
1404 2780 1484 2826 lucem

379 2867 442 2900 ram.
478 2852 561 2899 Simile
580 2851 642 2898 illud
660 2851 725 2910 apud
743 2851 909 2909 Augustinum
957 2851 1029 2907 edita,
1044 2851 1156 2911 Angliee,
1171 2852 1264 2910 laetae,
1279 2855 1411 2912 presertim
1422 2855 1485 2901 Gal-

382 2929 452 2989 epist.
464 2941 489 2976 r..
517 2927 685 2975 Mastusiam
697 2925 819 2986 epiecopus
835 2925 910 2984 Voyi-
957 2924 1012 2978 lice,
1028 2929 1054 2971 et
1066 2925 1100 2970 sio
1115 2926 1173 2972 ntis
1188 2931 1265 2987 nota5
1279 2929 1305 2973 in
1320 2929 1414 2988 quibus,
1428 2929 1487 2976 lnce

382 2999 909 3063 mausuaeiliumpstitabImperotoreClu-is-
957 2999 1088 3046 meridiana
1111 3001 1207 3058 clarius,
1230 3002 1418 3050 demonstratum
1439 3010 1484 3062 est,

382 3079 448 3125 tiano
458 3083 540 3125 eonem
548 3079 625 3125 Ιιοιιω
633 3076 744 3130 ιοοιοοίω,
759 3089 805 3120 noa
815 3080 864 3121 tam
873 3073 911 3120 sui
957 3075 1085 3132 neminem,
1102 3075 1235 3137 Religionis
1244 3091 1335 3134 mussa,
1348 3078 1398 3124 ullo
1411 3081 1483 3126 modo

382 3325 535 3398 superiore:
559 3341 613 3380 nor
626 3341 675 3380 ere
691 3324 853 3380 assembliee
871 3324 905 3380 of
919 3325 1044 3382 simeone
1059 3342 1125 3381 men
1143 3331 1173 3381 to
1188 3326 1225 3381 be
1239 3326 1347 3394 ieared,
1368 3325 1430 3381 who
1446 3327 1483 3382 do

382 3417 433 3467 not
452 3412 520 3466 eeelx
534 3417 564 3466 ιο
579 3417 655 3465 meet
669 3412 698 3465 in
711 3417 811 3475 secret,
825 3417 926 3483 except
939 3411 1007 3483 they
1021 3429 1070 3466 are
1090 3411 1256 3483 compelled.
1302 3413 1318 3466 I
1335 3429 1400 3484 may
1414 3412 1483 3467 here

382 3498 470 3570 adopt
482 3496 556 3553 what
567 3500 709 3568 Augustus
721 3496 789 3561 said,
801 3513 831 3551 as
847 3497 982 3552 recorded
994 3497 1032 3568 by
1043 3497 1136 3559 Philo,
1150 3499 1310 3569 respecting
1320 3498 1368 3553 the
1380 3515 1485 3552 amem·

382 3585 452 3641 blies
464 3584 498 3639 of
505 3584 554 3639 the
565 3584 654 3649 Jews3
669 3582 732 3638 that
744 3582 811 3653 they
819 3599 892 3638 were
904 3588 955 3637 not
966 3582 1165 3638 bacchanalian
1177 3585 1323 3656 meetinge,
1335 3600 1368 3638 or
1380 3599 1484 3639 mem·

381 3669 452 3724 blies
466 3669 512 3722 for
525 3669 683 3740 disturbing
697 3669 747 3723 the
759 3685 854 3740 peace,
868 3668 920 3723 but
931 3667 1041 3722 sohools
1055 3667 1089 3722 oi
1101 3669 1200 3723 virtue.

438 3759 455 3806 2
486 3754 579 3810 Those
591 3754 652 3808 who
667 3761 814 3825 persecute
828 3752 906 3817 such,
921 3769 970 3807 ere
984 3752 1151 3808 themselves
1159 3753 1249 3824 justly
1260 3753 1435 3825 punishable,
1452 3770 1484 3809 ae

381 3836 441 3904 also
456 3837 578 3892 Thomas
593 3838 716 3908 Aquinas
731 3838 821 3893 holds.
859 3839 925 3892 And
936 3855 973 3893 on
986 3838 1048 3894 that
1062 3846 1190 3904 account,
1202 3839 1386 3894 constantine
1399 3839 1482 3894 made

381 3938 439 3975 war
456 3923 635 3985 conicimus,
647 3923 703 3976 end
718 3922 800 3978 other
811 3939 953 3995 emperors
965 3941 1042 3994 upon
1055 3925 1103 3978 the
1117 3925 1265 3989 Persiens3
1283 3923 1391 3996 though
1403 3923 1483 3979 these

381 4023 450 4062 ware
462 4006 565 4079 belong
576 4007 672 4062 rather
686 4014 716 4062 to
731 4007 781 4063 the
795 4008 911 4065 defense
926 4010 959 4064 of
977 4009 1026 4064 the
1043 4009 1186 4074 innocent,
1201 4009 1235 4064 ot*
1249 4009 1341 4066 which
1354 4025 1396 4065 we
1411 4009 1483 4066 shall

381 4093 525 4149 hereafter
539 4093 634 4165 speelr,
646 4093 715 4148 than
730 4099 761 4149 to
772 4094 822 4149 the
836 4095 965 4151 exaction
977 4095 1010 4149 of
1021 4095 1211 4167 punishment.

436 4180 469 4237 1..
508 4186 522 4232 1
557 4181 614 4234 But
631 4179 713 4234 those
735 4187 781 4236 act
803 4187 876 4236 most
898 4180 1030 4251 unjustly,
1051 4180 1113 4235 who
1134 4186 1282 4251 persecute
1303 4180 1360 4235 and
1379 4179 1483 4252 punhh

381 4266 462 4321 those
480 4265 550 4330 who,
565 4265 648 4319 while
666 4265 734 4338 they
747 4266 816 4321 hold
831 4267 880 4321 the
895 4267 947 4321 law
962 4266 995 4320 of
1013 4266 1107 4320 Christ
1121 4283 1152 4320 as
1171 4273 1243 4332 true,
1264 4266 1332 4339 only
1346 4267 1435 4322 doubt
1449 4281 1483 4321 or

380 4350 428 4407 'err
441 4353 610 4423 concerning
624 4367 701 4407 some
722 4353 816 4424 things
836 4351 927 4406 which
948 4368 996 4405 aro
1011 4352 1102 4407 either
1120 4357 1288 4408 extraneous
1305 4359 1336 4408 ιο
1355 4353 1403 4408 the
1421 4353 1482 4416 lew,

382 4455 415 4492 or
428 4439 513 4510 being
526 4439 556 4493 in
572 4437 620 4494 the
634 4437 695 4506 law,
713 4453 791 4495 seem
809 4444 839 4494 ιο
857 4438 928 4495 have
946 4453 984 4492 en
1001 4437 1166 4510 ambiguous
1180 4455 1270 4504 sense,
1292 4439 1348 4494 and
1363 4453 1412 4494 are
1431 4443 1483 4494 not
