3248 5126
342 339 408 402 308
788 345 841 398 os
863 343 1001 398 rimus.
1321 340 1394 409 [nm.
1408 342 1449 396 11.

346 511 473 588 malum,
490 507 549 576 etsi
565 507 701 575 nondum
718 507 795 574 illud
812 508 895 594 quod
908 505 1139 586 intendebatur,
1163 513 1301 572 secutum
1312 504 1378 592 jam
1394 505 1447 583 sit,

346 617 403 676 aut
418 618 504 675 certe
521 608 631 698 ingens
649 606 830 695 periculum,
854 607 899 672 ita
916 614 952 672 ut
968 605 1135 672 vindicatio
1152 612 1208 670 aut
1225 604 1388 691 conjuncta
1404 605 1449 671 sit

347 729 416 773 cum
433 706 577 774 cautione
593 707 709 773 futurae
723 726 824 783 noxas,
846 706 899 789 (de
915 726 978 791 qua
994 725 1089 791 supra
1105 703 1225 792 egimus
1241 703 1388 791 incapite
1406 704 1448 770 do

347 807 538 890 defensioue)
560 815 615 873 aut
632 805 817 894 dignitatem
840 804 945 870 laesam
966 812 1102 881 tueatur,
1125 811 1182 870 aut
1198 802 1369 890 pernicioso
1391 825 1448 868 ex-

348 906 450 994 emplo
468 914 618 972 occurrat

426 1007 494 1070 XL.
537 1008 555 1069 1
591 1003 758 1071 Sciendum
775 1023 898 1090 quoque
920 1010 978 1081 est,
995 1023 1098 1092 reges,
1119 1009 1153 1069 et
1171 1001 1225 1089 qui
1242 1023 1301 1089 par
1320 1001 1448 1091 regibus

345 1104 398 1192 jus
415 1104 565 1182 obtinent,
584 1103 636 1190 jus
653 1104 770 1170 habere
792 1124 902 1190 poenas
917 1101 1065 1189 poscendi
1085 1123 1148 1167 non
1170 1110 1290 1167 tantum
1308 1101 1349 1166 ob
1368 1099 1447 1186 inju-

349 1203 413 1269 rias
429 1202 462 1268 iu
475 1225 509 1269 ss
526 1211 582 1269 aut
593 1201 734 1268 subditos
749 1223 822 1268 suos
836 1201 1021 1277 commissas,
1035 1200 1090 1266 sed
1107 1208 1140 1266 et
1158 1201 1198 1266 ob
1213 1221 1267 1266 eas
1283 1220 1354 1286 qum
1364 1200 1447 1286 ipsos

349 1301 548 1389 peculiariter
564 1322 627 1366 non
643 1308 786 1388 tangunt,
804 1300 860 1366 sed
877 1299 909 1365 in
926 1299 1084 1386 quibusvis
1101 1299 1240 1386 personis
1258 1296 1311 1385 jus
1327 1309 1448 1364 naturae

349 1408 406 1465 aut
422 1400 561 1488 gentium
578 1398 754 1464 immaniter
771 1397 896 1464 molant
947 1399 1030 1464 Nam
1051 1398 1181 1463 libertas
1196 1399 1340 1463 humanm
1354 1397 1447 1462 socie-

350 1498 410 1565 tati
432 1519 490 1585 per
507 1519 615 1583 poenas
630 1496 818 1572 consulendi,
840 1517 911 1582 qum
932 1494 1031 1577 initio,
1051 1505 1088 1562 ut
1109 1495 1252 1572 diximus,
1271 1517 1366 1582 penes
1387 1495 1448 1560 sin-

350 1597 442 1686 gulos
467 1597 581 1675 iuerat,
608 1594 785 1662 civitatibus
811 1616 848 1660 ac
869 1593 994 1681 judiciis
1020 1594 1168 1661 institutis
1195 1615 1291 1682 penes
1314 1615 1449 1660 summos

350 1702 520 1783 potestates
545 1693 671 1771 resedit,
695 1715 757 1760 non
782 1694 910 1781 proprie
933 1714 996 1779 qua
1023 1693 1092 1759 aliis
1117 1693 1280 1780 imperant,
1306 1693 1362 1759 sed
1386 1715 1449 1778 qua

350 1793 466 1860 nemini
482 1802 603 1879 parent.
637 1792 721 1859 Nam
737 1790 885 1879 subjectio
901 1791 971 1857 aliis
986 1791 1020 1859 id
1030 1792 1083 1880 jus
1099 1792 1238 1860 abstulit.
1278 1793 1344 1857 Imo
1361 1801 1449 1857 tento

351 1893 511 1959 honestius
536 1901 585 1960 est
600 1891 718 1958 alienas
742 1891 871 1979 injurias
888 1912 980 1978 quam
1003 1913 1075 1958 suas
1091 1890 1258 1968 vindicare,
1284 1900 1399 1977 quanto
1416 1891 1450 1954 in-

352 1991 415 2056 suis
431 1991 531 2081 magis
544 1991 744 2057 metuendum
756 1999 805 2058 est
820 2012 860 2056 ne
874 1989 943 2076 quis
958 1990 1074 2056 doloris
1086 1988 1134 2056 sui
1146 2010 1239 2056 sensu
1253 1998 1309 2056 aut
1324 1989 1449 2056 modum

351 2090 492 2167 excedat,
510 2099 564 2157 aut
579 2099 666 2156 certe
681 2090 819 2155 animum
835 2089 960 2155 inficiat.

420 2191 442 2252 2
477 2190 521 2254 Et
544 2188 604 2254 hoo
630 2188 755 2253 nomine
781 2189 822 2254 ab
850 2187 984 2274 antiquis
1013 2186 1200 2274 predicatus
1225 2197 1273 2255 est
1297 2185 1449 2254 Hercules

350 2287 435 2370 quod
458 2286 581 2363 Antaeo,
609 2286 762 2364 Busiride,
784 2287 946 2363 Diomede,
968 2295 1001 2352 et
1020 2285 1168 2354 similibus
1193 2288 1352 2376 ‘tyrannis
1373 2288 1450 2353 libe·

188 2395 321 2478 ganamt
349 2384 430 2448 rarit
446 2390 557 2461 terras,
581 2405 668 2469 quas,
695 2393 730 2448 ut
748 2385 866 2450 Seneca
882 2385 923 2449 de
944 2405 980 2450 eo
995 2383 1142 2470 loquitur,
1162 2386 1287 2452 transiit
1303 2408 1365 2451 non
1379 2407 1452 2455 cone

187 2485 240 2570 lii.
249 2485 332 2581 ζξιη,
351 2480 545 2569 cupiscendo,
568 2481 623 2546 sed
648 2480 842 2559 vindicando,
865 2483 1071 2550 maximorum
1094 2485 1244 2550 bonorum
1264 2494 1372 2552 auctor
1394 2486 1451 2550 ho-

186 2577 228 2614 21&

393 2681 403 2707 ⁸
420 2672 540 2734 Tyrannio
550 2672 660 2720 liberarit
673 2671 763 2733 ισπω]
780 2673 814 2720 Ει
823 2687 875 2720 ms·
928 2673 1131 2733 umidarum-tim
1140 2675 1369 2735 metoparum
1377 2689 1452 2736 pem

349 2749 392 2795 ris.
433 2749 504 2794 Philo
523 2749 553 2796 dc
572 2747 717 2809 Legationes
748 2747 876 2808 Ἡρακλῆς
926 2749 990 2807 tilis,
1005 2753 1032 2794 stt
1047 2749 1137 2795 tolleret
1153 2751 1269 2796 hominm
1284 2751 1451 2796 ammira-

349 2821 454 2883 ixa'dyps
479 2823 529 2882 γῆν
553 2823 594 2869 xci
619 2821 761 2882 θάλατταν,
784 2821 876 2869 ἄθλους
926 2839 971 2885 quse
985 2825 1186 2886 clientumque
1198 2826 1309 2873 exitialia
1323 2831 1365 2874 atti
1376 2827 1453 2872 notia

348 2895 566 2956 ἀναγκαιοτάτους
590 2897 632 2943 xci
661 2894 876 2956 ω’φολιμωτάτους
926 2905 1007 2948 ment.
1036 2899 1109 2959 (Peg.
1120 2901 1179 2948 1003
1188 2901 1228 2961 u.)

354 2969 366 2986 ''
529 2971 536 2988 '
611 2971 641 3018 ’π
703 2971 721 3018 'v
743 2971 816 3017 issac
829 2971 876 3016 τοῦ
972 2981 980 3010 ⁸
1005 2975 1076 3022 Ultor
1091 2980 1117 3021 vti
1132 2977 1243 3023 treisma
1258 2975 1337 3037 tow]
1358 2976 1452 3024 Ibidem

640 3062 683 3092 τικ
733 3062 809 3092 coest
832 3062 876 3091 κα·
927 3049 1016 3096 dlosuti
1025 3049 1114 3096 Fsclsli
1124 3051 1198 3109 (von.
1208 3051 1281 3110 574):

348 3119 425 3177 ‘ripas
433 3119 541 3167 ἀνελεῖν·
556 3119 672 3166 Hecates
677 3119 792 3178 psrqwit
799 3124 877 3165 ιεπαν
946 3137 979 3179 ’fl
991 3139 1057 3181 ,εσυ
1068 3139 1106 3180 ⁰5,
1113 3139 1134 3181 ,r
1149 3139 1228 3192 am
1241 3139 1336 3191 cmg,
1346 3140 1425 3192 ms„

350 3193 877 3252 commeatanimmttmtmtm'tu
949 3205 1412 3256 uen'ergcsevtcmuumvmaoemr

350 3435 429 3502 least.
439 3441 520 3508 grcst
530 3436 653 3510 dongert
671 3455 702 3495 so
714 3437 777 3494 that
790 3440 840 3496 the
851 3439 1033 3512 punishment
1046 3443 1083 3498 bs
1098 3442 1245 3513 conjoined
1260 3440 1327 3496 vith
1339 3446 1453 3513 proteo·

349 3521 411 3578 tion
429 3523 538 3594 against
551 3524 647 3580 futuro
661 3525 797 3592 mischief,
814 3544 848 3583 or
861 3527 897 3582 bs
909 3544 926 3581 s
938 3527 1054 3584 defenso
1066 3528 1100 3584 of
1111 3527 1242 3584 offendod
1256 3527 1373 3598 dignity,
1387 3543 1421 3582 or
1434 3542 1454 3580 a

348 3608 465 3679 remedy
478 3613 509 3663 to
524 3612 712 3681 apernicious
727 3613 863 3691 example

403 3691 466 3746 Xb.
506 3700 520 3746 1
544 3695 572 3749 It
593 3697 617 3751 is
635 3702 665 3752 to
686 3697 722 3752 bo
742 3698 914 3754 understood
937 3699 996 3755 also
1013 3699 1076 3755 that
1092 3700 1183 3770 kings,
1198 3698 1255 3753 and
1274 3698 1342 3770 they
1359 3697 1454 3754 whose

350 3773 440 3844 rights
454 3792 503 3830 are
519 3777 553 3831 of
570 3779 619 3834 the
640 3787 741 3836 nature
756 3783 790 3837 of
800 3784 880 3854 roysl
893 3784 991 3854 rights,
1007 3785 1078 3841 hsvo
1097 3785 1147 3841 tho
1163 3783 1239 3856 right
1257 3784 1290 3838 oi
1308 3783 1453 3854 requiving

348 3858 539 3930 punishment,
561 3870 613 3918 not
630 3866 697 3935 only
713 3866 760 3920 sor
776 3867 891 3937 injurias
911 3871 1075 3926 committed
1091 3870 1201 3941 against
1214 3869 1293 3925 them
1307 3869 1363 3923 sud
1377 3868 1454 3922 their

348 3942 479 4013 subJeots,
498 3943 550 3999 but
568 3946 614 4001 for
627 3948 708 4003 those
726 3950 786 4005 also
805 3951 896 4007 which
913 3954 951 4008 do
968 3962 1020 4011 not
1037 3955 1192 4027 peculiorly
1203 3955 1291 4010 touch
1302 3954 1389 4018 them,
1400 3953 1453 4008 bul

348 4026 439 4082 which
451 4031 630 4102 enormously
646 4033 750 4090 violate
770 4034 819 4091 the
833 4037 887 4092 lav
901 4039 935 4095 of
949 4047 1051 4096 nature
1068 4040 1124 4095 und
1139 4041 1250 4095 uadens
1267 4041 1298 4094 in
1314 4056 1370 4110 sny
1387 4055 1453 4109 per·

348 4129 422 4170 sons.
465 4115 522 4170 For
545 4115 595 4171 the
614 4117 717 4189 liberty
738 4120 772 4174 of
789 4123 938 4195 providing
958 4125 1004 4180 for
1026 4125 1134 4180 human
1156 4127 1263 4196 society
1281 4125 1320 4196 by
1337 4123 1453 4195 punish-

348 4207 436 4266 ment,
450 4200 540 4256 which
555 4209 585 4256 at
598 4201 668 4268 first,
688 4221 718 4259 as
738 4223 779 4262 ve
794 4207 945 4276 heresuid,
958 4227 1012 4264 vas
1026 4212 1056 4264 in
1071 4211 1121 4266 the
1135 4209 1270 4266 handsof
1278 4209 1453 4273 individusls,

349 4285 406 4350 did,
418 4286 498 4341 when
513 4293 599 4342 statae
611 4290 667 4342 and
679 4291 817 4349 tribunale
829 4312 902 4350 vvere
913 4297 1069 4360 instituted,
1081 4296 1133 4351 tall
1147 4303 1177 4350 to
1194 4297 1245 4351 the
1255 4295 1338 4351 share
1354 4295 1389 4349 of
1403 4295 1453 4348 the

347 4387 479 4442 supreme
490 4373 663 4438 authorities,
678 4385 730 4432 not
744 4381 876 4452 properly
890 4399 921 4436 as
933 4382 1130 4454 commanding
1141 4381 1245 4446 others,
1259 4381 1312 4435 but
1326 4397 1357 4435 as
1369 4381 1454 4449 being

349 4455 517 4516 themselves
543 4460 652 4533 subject
676 4468 706 4518 to
729 4479 813 4522 none.
858 4466 917 4520 For
941 4466 1098 4536 subJ'eotion
1116 4467 1185 4523 took
1205 4481 1284 4538 away
1302 4465 1352 4520 the
1377 4464 1454 4536 right
