3282 5136
188 334 256 390 cil.
271 333 366 403 xva]
513 339 565 394 nn
588 340 963 398 mrnnpnnunrrona.
1229 331 1291 399 177

186 522 249 586 que
264 501 374 568 eadem
392 524 486 572 musa
504 503 670 593 aequitatis,
690 505 723 572 id
740 513 797 583 eat,
815 505 1030 592 rationisque
1049 506 1113 573 sola
1129 514 1290 574 moverat:

185 600 238 665 Ita
262 599 471 681 interdictum,
498 607 584 671 uude
603 618 639 670 tu
655 629 705 671 me
729 607 765 673 vi
783 607 935 690 dejaerio
959 608 1142 672 homicidae
1167 611 1291 673 cooctie

185 703 375 778 armatisve,
389 701 489 768 locum
501 704 619 770 habere
630 705 780 771 adversus
795 727 916 770 omnem
929 705 992 771 rim
1009 727 1080 791 quae
1093 707 1134 772 ad
1150 713 1290 793 caputet

186 797 283 864 vitam
300 799 466 886 pertineat.
512 807 572 869 Ec
586 807 680 882 euim,
696 803 808 890 inquit,
817 806 1009 892 plerumque
1014 809 1057 889 fit
1068 829 1131 890 per
1146 808 1288 872 homiuee
1301 828 1351 880 unp.
1360 830 1391 869 ιι.

186 911 313 966 coactum
338 913 567 986 armctoaquc:
599 926 671 989 quta
692 905 725 970 ei
746 905 813 970 clio
836 899 980 984 coneilio,
1003 907 1110 970 eodem
1138 907 1287 990 periculo

174 999 279 1081 facto
295 999 350 1074 eit,
368 1003 475 1066 codem
484 1002 562 1085 jure
578 1024 643 1069 ecee
659 1004 836 1068 voluerunt.
888 1005 926 1068 In
947 1003 1170 1070 declamatione
1186 1004 1286 1092 patria

188 1096 370 1174 Quintiliani
387 1100 562 1188 exemplum
579 1101 638 1167 hoc
655 1110 721 1168 est:
741 1105 852 1169 Cretica
867 1105 996 1170 uidetur
1007 1105 1194 1189 cipnijicorc
1210 1127 1284 1171 eou-
1298 1121 1405 1160 Deam

183 1199 313 1280 quinem
330 1209 360 1264 ct
375 1201 532 1284 ferrum:
556 1202 588 1266 ei
609 1204 683 1287 quia
700 1202 768 1268 olio
786 1225 899 1287 penem
915 1205 1006 1268 tono
1021 1205 1134 1286 fierit
1150 1206 1283 1281 οοοίιιιι,

185 1297 232 1360 ad
246 1297 343 1361 iiiam
357 1298 453 1383 icpem
470 1312 672 1366 revertemur.
707 1303 751 1368 Si
766 1303 921 1368 inciderit
938 1304 974 1366 iu
988 1303 1139 1379 iatroaea
1158 1304 1235 1368 ¹uut
1247 1306 1285 1368 iu

185 1415 292 1480 aquae
309 1399 551 1483 promptiores,
574 1401 665 1465 aiio
694 1401 839 1486 aliquem
864 1403 1053 1466 immensam
1076 1402 1285 1468 altitudinem

186 1494 322 1577 disiectae
336 1498 456 1581 flectit,
483 1501 595 1564 eodem
621 1500 685 1585 iope
707 1501 931 1566 vindicabitur
952 1522 1018 1586 quo
1041 1502 1098 1566 iiio
1115 1503 1174 1587 qui
1186 1503 1285 1587 ferro

180 1614 354 1678 puacuauu
382 1599 435 1663 ed.
490 1596 604 1664 sunna
633 1597 1036 1686 adturgunnnuuh>laaei
1069 1600 1211 1666 oradone
1244 1600 1285 1667 de

183 1691 303 1779 Pyrrhi
324 1694 509 1773 hereditate,
535 1718 605 1762 cum
622 1719 662 1763 ex
679 1719 716 1763 eo
739 1698 823 1783 quod
847 1705 1067 1764 testamentum
1085 1698 1191 1765 Attiou
1213 1698 1285 1787 lege

184 1791 317 1858 vetitum
331 1803 413 1860 eeaet
434 1792 501 1860 fieri
517 1795 581 1863 iilia
597 1795 706 1874 invita,
729 1795 834 1874 infert,
860 1818 900 1862 ne
917 1795 1114 1885 adoptionem
1140 1791 1284 1884 'quidem

185 1911 225 1955 ea
239 1889 337 1958 invita
353 1893 502 1980 permitti.

260 1990 350 2058 XXL
390 1992 495 2080 Atque
511 1993 583 2060 hinc
599 1993 748 2063 solvenda
767 2005 816 2063 eat
837 1996 968 2065 celebria
986 1995 1195 2083 illaqueatio,
1213 2018 1284 2084 quoe

184 2098 218 2156 et
241 2090 326 2177 apud
350 2091 483 2159 Gellium
505 2100 553 2162 eet
576 2093 616 2161 de
637 2097 794 2174 mandato,
815 2119 857 2164 an
877 2097 1001 2186 impleri
1021 2097 1119 2184 possit
1142 2119 1206 2162 non
1226 2118 1284 2184 per
1297 2107 1404 2151 fletu

183 2246 249 2294 Iden
257 2249 336 2296 calcat
344 2249 468 2310 cpmnaiiu
477 2249 541 2310 qnod
549 2251 645 2310 nuptia.
671 2249 710 2298 Sic
759 2251 888 2313 rudemque
900 2253 1012 2310 scrihere,
1021 2251 1066 2299 niai
1076 2253 1115 2299 oni
1129 2253 1196 2313 priua
1211 2254 1285 2302 tiliam

183 2321 208 2368 in
218 2322 272 2383 lege
282 2337 327 2384 par
342 2325 436 2371 Morem
452 2325 509 2371 data
523 2326 568 2372 aab
583 2326 650 2371 bovia
665 2339 708 2371 no·
760 2324 785 2369 in
800 2326 977 2373 matrimonium
993 2327 1150 2383 collocaverit,
1157 2326 1229 2384 juxta
1237 2327 1285 2374 La·

182 2398 247 2446 mina
273 2399 442 2460 intelligantur
468 2400 548 2448 omnia
579 2402 710 2450 animantia
759 2411 816 2459 gem
837 2401 941 2448 Athenin
967 2402 1130 2448 constitutam.
1161 2403 1286 2463 Deceptae

182 2481 319 2524 mmancta:
334 2478 379 2523 aub
389 2477 484 2524 nomine
495 2477 562 2538 putei
572 2478 637 2524 ioaaa
642 2492 708 2538 quae·
760 2479 798 2520 eat
805 2474 897 2521 Auctor
907 2477 937 2522 ab
953 2477 1091 2536 Interpreta
1103 2476 1191 2524 Latino
1205 2477 1285 2524 inteli-

181 2547 225 2606 via,
237 2551 315 2597 Exodi
326 2552 375 2596 xxi.
391 2553 430 2598 28.
445 2555 470 2597 et
482 2552 520 2598 85.
552 2550 708 2598 chasanum
759 2549 861 2608 cincimo,
871 2551 913 2611 qui
923 2551 966 2598 tri
975 2552 1082 2598 τιύταιι
1096 2552 1177 2606 vertit,
1187 2553 1213 2598 in
1227 2552 1285 2600 tila-

185 2621 301 2685 Cctcicqc
310 2625 394 2686 qtortc
403 2625 487 2671 muudi
496 2638 521 2672 ι.
532 2629 609 2686 parte,
619 2625 709 2673 consid.
759 2639 812 2671 rum
833 2624 959 2686 [tiliarum]
980 2627 1100 2672 arbit-im
1122 2630 1147 2673 et
1162 2626 1219 2674 decu
1234 2630 1286 2675 τῶν

181 2699 218 2748 49,
759 2697 912 2758 θυγατέρων,
922 2699 1119 2759 inaciirfliiahua,
1132 2715 1179 2748 non
1191 2703 1285 2749 contul-

229 2773 235 2803 ¹
252 2773 334 2822 Editio
346 2774 462 2822 Obrechti
471 2775 561 2824 habeta
577 2775 606 2823 st
615 2776 707 2823 occide-
758 2773 804 2819 tir:
820 2787 894 2833 quum
903 2773 955 2819 bueo
969 2774 1113 2833 significent,
1124 2789 1173 2822 non
1180 2776 1231 2822 aine
1238 2777 1286 2824 illia

181 2849 216 2896 rit
226 2848 251 2895 in
260 2849 363 2896 ἱαιιίιιω
372 2849 463 2897 autho.
477 2851 542 2910 quod
551 2850 707 2898 omninorcc-
759 2849 873 2895 uxoribus
890 2848 968 2894 ductio
984 2849 1016 2894 ab
1030 2863 1067 2905 eo,
1082 2850 1123 2908 qui
1139 2854 1285 2899 testamento

182 2925 285 2972 timeat.
314 2926 382 2974 Η.
758 2923 828 2969 herae
843 2922 984 2969 instituitur.
1015 2922 1086 2969 Adde
1099 2923 1152 2969 Viri
1165 2923 1285 2972 Eruditia·

227 2997 330 3046 ’Locm
347 3005 385 3048 cat
399 3015 456 3062 pag.
472 3003 525 3050 400.
540 3001 611 3049 Edit.
629 3001 706 3049 cht.
758 2997 812 3044 rimi
822 2995 875 3043 Jac.
887 2995 1002 3042 Perizonii
1012 2996 1115 3043 Dicam.
1128 2995 1284 3045 TriodDiaa.

182 3073 224 3119 aad
234 3073 276 3120 ubi
285 3075 331 3121 hoa
341 3078 434 3122 hatum
445 3077 540 3133 dicitur,
555 3077 652 3124 Patrem
665 3077 707 3136 qui
758 3085 787 3122 ιι.
798 3087 855 3133 pag.
865 3071 903 3128 60,
912 3076 934 3117 et
943 3085 1006 3133 rcqq.
1016 3073 1059 3119 nbi
1067 3076 1133 3119 recte
1148 3073 1227 3118 locum
1242 3087 1285 3120 ex-

181 3148 244 3194 colat
256 3148 325 3209 tiliae,
341 3163 370 3196 ex
381 3149 449 3210 justo
464 3151 616 3197 matrimonio
630 3153 707 3208 natae,
757 3147 843 3209 pouit3
858 3151 888 3194 ut
902 3147 992 3193 dudum
1006 3151 1062 3208 poet
1072 3147 1123 3194 hec
1133 3146 1222 3207 acripta
1232 3147 1285 3194 ani·

181 3223 304 3284 relinquit,
318 3225 436 3272 neminem
451 3239 521 3285 ponae
530 3225 707 3286 adoptarahe·
756 3221 883 3270 madverti.
912 3221 940 3268 J.
951 3222 984 3268 B.

181 3467 323 3532 interdici,
351 3469 426 3524 Unde
449 3477 479 3524 tu
505 3487 546 3524 me
574 3469 601 3524 ui
618 3469 737 3542 dqoecrie
758 3469 907 3524 hominibus
929 3468 1025 3524 coactio
1050 3466 1203 3531 ammiane,
1227 3466 1284 3522 will

181 3551 252 3609 hold
269 3555 378 3625 against
396 3554 432 3609 all
450 3554 530 3610 iorce
551 3555 743 3626 endangering
761 3555 819 3619 life,
837 3555 946 3626 though
963 3553 1044 3610 there
1061 3570 1127 3626 may
1144 3559 1195 3609 not
1212 3552 1248 3610 be
1266 3569 1284 3608 a

181 3637 258 3710 body
276 3638 310 3694 of
329 3640 426 3695 armed
445 3656 519 3695 meu.
554 3640 593 3695 Aa
615 3641 713 3694 cicero
732 3656 804 3712 eaya,
826 3639 877 3694 thc
898 3639 972 3711 legal
991 3640 1075 3695 effect
1093 3640 1116 3693 ie
1131 3638 1180 3693 the
1194 3655 1281 3694 came.

183 3724 221 3778 Sc
237 3724 393 3789 Quintilian
407 3742 478 3798 capa,
496 3727 614 3781 Morder
627 3743 717 3782 eeema
731 3731 761 3780 to
777 3726 866 3797 imply
879 3726 950 3780 ateel
968 3741 1097 3796 weapona
1112 3725 1168 3780 and
1183 3723 1284 3790 blood3

181 3808 234 3865 but
247 3810 273 3864 if
285 3826 341 3882 any
355 3827 409 3866 one
424 3813 447 3867 ia
462 3811 548 3867 killed
567 3813 597 3865 in
612 3828 667 3883 any
682 3810 764 3866 other
778 3828 847 3882 way,
861 3827 903 3866 ve
917 3810 975 3865 atili
994 3827 1077 3864 recur
1091 3816 1121 3865 to
1136 3810 1199 3865 that
1213 3811 1283 3866 lawr

181 3892 227 3948 ior
238 3896 411 3962 metanoeis
418 3896 467 3953 the
478 3915 545 3952 man
556 3897 593 3952 be
604 3896 714 3954 throrrn
725 3897 800 3952 irem
811 3914 828 3951 a
841 3897 989 3967 precipioe.
1014 3896 1053 3950 So
1062 3896 1155 3960 leucus,
1164 3896 1285 3952 becauee

180 3979 220 4051 by
233 3980 283 4037 the
296 3981 374 4037 Attia
388 3983 454 4038 Low
469 3999 488 4037 a
501 3988 653 4038 teatameut
667 3983 751 4038 could
764 3989 816 4038 not
829 3981 866 4037 be
880 3982 963 4037 made
978 3979 1028 4054 [hy
1042 3997 1060 4036 a
1073 3981 1168 4036 iathar
1181 3981 1285 4054 having

181 4081 219 4120 no
236 4064 301 4135 eon]
314 4068 424 4139 against
440 4069 489 4125 the
507 4069 562 4124 will
575 4069 609 4123 of
622 4084 640 4123 a
655 4067 802 4140 daughter,
818 4067 906 4123 insere
923 4067 987 4123 that
1001 4083 1038 4122 an
1050 4067 1186 4140 adoption
1200 4067 1285 4124 could

181 4155 233 4206 not
245 4152 280 4208 be
294 4153 377 4210 made
390 4153 509 4211 without
522 4153 575 4210 her
586 4159 711 4210 conaent.

238 4237 321 4294 XXI.
359 4239 425 4294 And
447 4255 484 4294 on
507 4239 587 4296 thece
608 4239 761 4312 principiae
783 4239 808 4294 ia
828 4245 858 4294 to
875 4237 912 4295 be
930 4238 1025 4294 aolved
1044 4237 1107 4292 that
1124 4233 1285 4293 celebrated

181 4324 311 4393 question
328 4325 421 4379 which
437 4343 479 4380 we
496 4326 568 4382 hare
590 4327 619 4380 in
638 4297 754 4390 (stellius,
771 4325 859 4380 about
876 4342 893 4380 a
911 4325 1104 4388 commiaei0n3
1121 4321 1247 4376 whether
1261 4321 1285 4375 it

180 4423 246 4480 may
266 4409 303 4466 be
321 4410 451 4476 iulfilled‚
466 4416 516 4468 not
534 4411 572 4484 by
587 4411 636 4466 the
650 4410 784 4466 identical
799 4411 880 4482 thing
894 4410 1028 4476 directed,
1047 4409 1099 4463 but
1112 4407 1150 4479 by
1165 4405 1285 4461 another

179 4495 294 4569 equally
308 4495 402 4552 uaeiul
421 4513 454 4552 or
472 4513 552 4554 more
566 4496 659 4554 metui
673 4496 743 4553 than
763 4496 826 4552 that
844 4493 935 4552 which
954 4511 1010 4552 ιιιι
1030 4492 1161 4565 enjoined
1174 4491 1212 4568 by
1225 4489 1287 4553 him

1141 4591 1184 4656 12

282 4639 400 4730 [onor.
424 4639 478 4735 ιι]
