3282 5136
177 372 249 430 Gar.
262 369 340 438 XV.]
427 372 480 427 DE
502 373 720 430 FEDERIBUS
742 373 791 430 ΑΟ
814 374 1106 434 SPONSIONIBUS.
1218 370 1280 436 129

177 535 354 623 exemplum
380 545 445 602 est:
471 540 593 622 quoties
615 539 701 604 inter
724 561 758 604 ae
780 541 876 605 dcccc
899 541 975 606 belli
997 543 1147 626 puoedcm
1168 545 1281 625 pacis-

175 649 316 712 currum
339 635 423 722 quod
440 636 616 702 secundum.
667 637 810 703 Publicus
832 659 908 726 ergo
925 640 1143 704 conventiones
1158 662 1211 705 cas
1233 640 1280 706 in·

54 733 59 746 ’
176 735 299 824 telligit,
323 755 395 819 quae
412 734 470 800 nisi
483 733 556 821 jure
572 734 696 822 imperii
712 736 837 824 majoris
859 745 916 802 aut
932 738 1060 804 minoris
1076 738 1144 803 lieri
1164 761 1280 826 noque-

175 843 242 912 unt,
259 855 322 920 qna
338 843 413 900 nota
430 834 579 900 differunt
595 856 657 900 non
671 842 793 900 tantum
810 858 830 902 a
849 837 1058 903 contractibus
1073 836 1277 926 privatorum,

136 930 139 938 ’
176 933 230 1000 scd
247 941 281 1000 et
296 955 316 999 a
331 932 540 1001 contractibus
560 955 669 1023 regum
687 933 769 1000 circa
784 934 911 1024 negotia
925 935 1058 1022 privata.
1093 937 1278 1024 Quanquam

176 1054 216 1097 ex
232 1032 364 1121 privatis
381 1055 504 1120 quoque
518 1034 585 1100 istis
607 1032 679 1098 belli
696 1055 788 1099 causa
803 1033 888 1100 nasci
904 1035 992 1110 solet,
1018 1034 1213 1121 frequentius
1229 1046 1277 1103 ta·

176 1154 247 1198 men
263 1154 305 1197 ex
320 1131 463 1219 publicis:
496 1132 573 1200 Ideo
590 1141 754 1220 postquam
767 1134 807 1200 de
824 1133 1076 1200 conventionibus
1088 1135 1277 1224 generaliter

175 1253 196 1296 a
211 1231 300 1297 nobis
317 1240 453 1298 mactata
474 1241 548 1298 sunt
564 1231 639 1298 satis
655 1231 762 1310 multa,
789 1233 932 1318 quadam
949 1233 1094 1300 addenda
1109 1243 1183 1301 sunt
1206 1257 1276 1321 quae

175 1328 217 1397 ad
233 1330 483 1398 excellentiorem
499 1333 579 1398 hanc
595 1330 728 1418 speciem
744 1331 930 1418 pertineant.

179 1457 183 1464 ·
250 1431 293 1496 ll.
341 1431 484 1496 Publicus
498 1430 557 1498 has
579 1429 805 1509 conventiones,
829 1453 907 1517 quas
923 1431 1025 1498 Graeci
1042 1427 1201 1517 σονθὴκᾳς
1222 1455 1276 1499 vo·

179 1537 256 1605 cant,
273 1528 413 1596 dividere
429 1551 591 1617 possumus
606 1529 639 1594 in
655 1529 773 1607 federa,
790 1529 977 1617 sponsiones,
996 1531 1155 1618 pactiones
1170 1530 1255 1599 alias.
1293 1607 1299 1618 ,

244 1627 308 1694 ΙΙΙ.
348 1630 365 1692 1
397 1631 447 1695 De
463 1629 604 1695 foderum
622 1637 655 1694 et
670 1628 868 1716 sponsionum
881 1628 1057 1696 discrimine
1074 1631 1155 1696 adiri
1171 1639 1274 1719 potest

174 1721 280 1794 Livius
296 1727 376 1794 libro
393 1728 507 1794 1x.ubi
524 1738 609 1795 recte
625 1749 682 1793 nos
698 1728 789 1794 docet
803 1727 911 1794 federa
925 1751 992 1795 esse
1008 1751 1079 1815 quae
1096 1729 1174 1796 fiunt
1183 1729 1273 1817 jussu
1286 1745 1362 1797 caat

173 1839 301 1892 summac
326 1827 497 1914 potestatis,
520 1836 554 1894 et
575 1827 609 1893 in
629 1826 740 1915 quibus
761 1826 828 1914 ipse
854 1828 985 1914 populus
1007 1828 1064 1893 irae
1084 1829 1197 1895 divinas
1218 1830 1273 1895 ob·

173 1924 340 2013 stringitur
363 1926 389 1992 si
414 1926 514 1993 minus
533 1935 634 1994 stetur
659 1925 758 1992 dictis.
802 1927 851 1992 Ea
875 1927 960 2013 apud
981 1927 1139 1993 Romanos
1161 1928 1272 2016 peragi

173 2023 372 2110 per-feciales
387 2025 526 2094 solebant
541 2025 648 2093 addito
665 2033 757 2112 patre
773 2033 908 2113 patrato.
944 2025 1075 2112 Sponsio
1091 2035 1196 2093 autem
1213 2039 1271 2104 est,

144 2121 147 2130 ’
172 2122 226 2188 ubi
247 2125 280 2189 bi
297 2124 350 2211 qui
370 2147 390 2191 a
406 2133 561 2212 potestate
580 2145 699 2191 summa
718 2125 898 2191 mandatum
921 2123 988 2212 ejus
1007 2123 1054 2191 rei
1071 2147 1134 2190 non
1153 2125 1271 2192 babent

171 2222 287 2310 aliquid
302 2225 497 2310 promittunt,
521 2225 605 2313 quod
626 2223 711 2290 illam
730 2223 856 2311 proprie
877 2224 988 2312 tangit.
1035 2225 1129 2312 Apud
1153 2225 1271 2292 Sallus·

170 2321 248 2388 tium
275 2323 426 2413 legimus:
459 2325 603 2391 Servatur
630 2326 683 2390 cti
712 2347 779 2410 por
803 2336 877 2390 crat
909 2325 1059 2402 decrevit,
1087 2347 1145 2391 suc
1172 2338 1270 2412 atque
1280 2339 1418 2432 3⁶¹1anss

165 2424 284 2508 populi
316 2425 442 2508 injussu
471 2425 597 2490 nullum
625 2425 770 2511 potuisse
793 2425 897 2509 seduc
917 2425 1003 2508 fleri.
1055 2423 1270 2513 Hieronymus

171 2521 397 2609 Syracusarum
419 2545 480 2588 rex
497 2515 566 2588 cum
588 2522 752 2600 Annibale,
776 2532 811 2588 ut
826 2531 936 2589 narrat
953 2521 1068 2600 Livius,
1091 2523 1269 2592 societatem
1282 2537 1422 2578 ”suiv-⁶

168 2619 306 2690 lecerat:
323 2630 357 2688 at
371 2630 479 2709 postca
497 2621 721 2712 Carthaginem
735 2621 819 2688 misit
834 2621 876 2688 ad
896 2621 986 2691 ledus
1003 2644 1043 2688 ex
1060 2622 1208 2690 socictate
1223 2625 1270 2690 fa-

168 2719 320 2786 ciendum.
350 2723 456 2800 Quare
470 2722 573 2809 'quod
589 2721 673 2809 apud
691 2721 840 2787 Senecam
857 2729 980 2808 patrem
997 2731 1065 2788 est:
1084 2725 1270 2808 Imperator

158 2821 263 2904 seduc
272 2823 445 2905 ρονοιιοοίι,
462 2824 592 2889 uidetur
607 2822 752 2907 populus
763 2822 962 2906 ρενοιιοοίοοο
978 2823 1156 2897 Rorococs,
1177 2835 1208 2889 et
1214 2825 1269 2909 se-

168 2921 245 2984 dere
261 2921 462 2986 metiretur:
478 2922 519 2986 ad
535 2919 678 3007 antiquos
693 2941 746 2985 eos
762 2918 908 3005 pertinet,
924 2918 978 3005 qui
995 2919 1126 3006 speciale
1139 2920 1206 3005 ejus
1222 2921 1270 2987 rei

167 3017 350 3084 mandatnm
366 3029 558 3108 acceperant.
595 3019 640 3085 At
654 3011 706 3084 l'in
722 3016 837 3106 regnis,
855 3039 966 3107 rogum
981 3027 1030 3085 est
1049 3017 1139 3083 fedus
1155 3017 1267 3086 facere.

167 3117 335 3204 Euripides
352 3119 566 3207 Suppliciter
583 3121 678 3204 (vers.
698 3119 796 3195 1188,
814 3126 847 3184 et
863 3119 985 3204 seqq.):

166 3295 329 3356 sequentibus.
360 3295 566 3344 Servlmadlllud
577 3309 606 3344 11.
616 3296 692 3344 ΕΜ·
743 3293 808 3354 Quia
817 3293 1060 3355 qicodreaprcmr'tta't
1068 3293 1267 3354 otdutwresput·

167 3370 390 3433 tuor<vemlo1>=
741 3369 790 3416 lica
798 3370 943 3430 promittere.
974 3371 1008 3417 Et
1022 3371 1064 3417 ubi
1078 3371 1170 3417 AEnaaa
1184 3371 1268 3432 singu.

740 3445 786 3490 lari
807 3445 937 3492 certamine
953 3450 1105 3506 pugnaturus
1125 3446 1192 3506 priua
1212 3459 1267 3492 cnm

740 3519 904 3568 Latinoladns
911 3521 983 3579 tacit3
992 3521 1111 3582 Turnum,
1122 3522 1164 3580 ait,
1174 3521 1265 3570 maia·

164 3731 287 3804 proceed
298 3749 377 3788 more
389 3735 548 3807 commonly
561 3735 636 3791 from
650 3737 746 3809 public
758 3741 910 3808 questions.
956 3737 1119 3804 Tberefore‚
1133 3739 1210 3794 since
1223 3755 1265 3794 vva

164 3817 236 3874 have
250 3819 392 3874 diacrused
410 3837 494 3892 many
508 3821 602 3893 points
621 3821 688 3876 with
706 3823 807 3894 regard
825 3831 855 3879 to
873 3831 1015 3896 compacta
1032 3825 1062 3878 in
1083 3825 1205 3896 general,
1223 3841 1265 3881 ve

164 3911 240 3959 must
253 3905 310 3960 edd
320 3921 399 3961 some
413 3907 541 3963 remarks
550 3907 702 3980 belonging
713 3915 744 3963 to
759 3907 815 3964 this
826 3926 905 3965 more
918 3911 1044 3966 eminent
1058 3911 1127 3964 kind
1142 3910 1176 3965 of
1187 3927 1264 3966 com·

163 3997 238 4060 ΡΜ·
364 4011 367 4018 ‘

218 4075 257 4130 IL
293 4075 385 4132 These
394 4077 491 4150 public
507 4084 684 4150 agreementa
695 4097 737 4135 ve
751 4096 817 4154 may
830 4080 923 4137 divido
938 4081 999 4137 luto
1013 4081 1114 4138 Public
1129 4081 1265 4148 Trcaties‚

165 4157 326 4233 sponsione,
340 4162 398 4217 and
408 4163 491 4219 other
506 4164 684 4237 compacta*.

217 4245 271 4302 111.
305 4253 319 4301 1
339 4248 418 4303 With
436 4251 537 4320 regard
549 4258 579 4306 to
590 4251 640 4307 the
652 4251 803 4307 difference
821 4249 854 4308 of
868 4252 969 4310 Public
980 4253 1107 4309 Treaties
1122 4249 1264 4321 (radam)

162 4332 221 4386 and
229 4331 418 4390 (tomentions
429 4337 512 4391 made
527 4353 565 4392 on
575 4339 707 4409 personal
719 4339 927 4412 responsibility
940 4337 1135 4412 (sparsose),
1145 4355 1187 4393 ve
1199 4353 1265 4408 may

161 4417 229 4475 take
243 4417 338 4492 Livys
353 4419 430 4488 view,
450 4421 481 4476 in
499 4421 590 4479 which
606 4424 643 4479 be
657 4441 719 4496 says
734 4423 797 4479 that
803 4427 914 4498 soedac
928 4442 977 4481 ara
995 4424 1110 4480 treaties
1125 4422 1209 4478 made
1223 4421 1263 4494 by

576 4531 592 4568 ι
608 4532 654 4580 see
668 4531 703 4580 Ε.
717 4532 757 4581 Μ.
772 4535 841 4582 1124.

1141 4613 1162 4679 9

262 4655 381 4746 [mor.
397 4659 448 4750 Π·]
