3188 5128
148 365 217 424 cir.
230 363 356 434 xmus]
510 367 562 422 nu
585 365 720 422 causis
742 367 884 423 nuens,
1187 355 1253 426 397

148 533 229 602 teria
241 532 324 601 omni
338 532 454 600 formas
466 539 623 620 separant,
636 539 668 598 ct
681 530 754 618 quia
768 529 877 597 forma
888 529 966 618 ipsae
978 531 1056 599 tales
1069 530 1252 624 plerumque

147 641 230 712 eunt,
252 638 308 700 'ut
323 631 400 698 nihil
416 633 553 698 habeant
568 630 775 717 interjectum,
799 630 878 697 sieut
893 630 976 696 inter
992 641 1112 699 rectum
1130 645 1163 702 et
1182 659 1252 702 eur-

148 757 221 800 vum
245 733 324 798 nihil
346 739 395 798 est
414 730 519 800 medii.
567 730 628 797 ¹At
651 730 684 795 in
706 729 874 795 moralibus
897 729 1134 799 circumstantius
1157 735 1251 801 etiam

148 832 283 899 minimae
299 830 423 898 variant
438 827 610 906 materiam,
628 837 661 895 et
676 829 796 906 sormoe,
813 829 854 895 de
872 828 984 915 quibus
997 830 1113 918 agitur,
1130 825 1252 900 bsolent

148 933 266 998 habere
297 929 493 1017 interjectum
518 927 645 1016 aliquid,
674 949 714 994 ea
736 927 910 1009 latitudine,
936 935 973 994 ut
997 930 1089 996 modo
1114 932 1156 998 ad
1182 933 1250 1009 hoc,

149 1031 241 1097 modo
257 1031 299 1096 ad
314 1029 392 1096 illud
408 1037 581 1095 extremum
597 1025 725 1115 propius
740 1026 914 1094 accedatur.
952 1028 1006 1094 Ita
1022 1029 1104 1094 enim
1120 1031 1204 1098 inter
1219 1031 1253 1098 id

149 1131 233 1217 quod
249 1129 318 1196 fieri
334 1136 467 1217 oportet,
493 1135 527 1193 ot
542 1127 624 1193 inter
640 1126 674 1192 id
690 1125 774 1212 quod
790 1125 858 1191 ficri
875 1125 962 1192 nefas
978 1137 1035 1204 eet,
1053 1129 1188 1197 medium
1204 1139 1253 1198 est

149 1228 333 1316 quodlicet,
357 1229 413 1294 sed
429 1227 521 1292 modo
539 1225 622 1303 huic,
649 1225 740 1291 modo
757 1223 802 1290 illi
823 1225 907 1312 parti
922 1226 1144 1340 propinquius:
1168 1230 1254 1296 unde

149 1327 337 1418 ambiguitas
353 1348 436 1415 saepe
451 1325 570 1402 incidit,
593 1322 679 1390 utun
700 1323 888 1411 crepusculo,
914 1325 1019 1391 autin
1038 1328 1253 1418 aquafrigida

150 1427 330 1549 calescente.
377 1429 420 1492 Et
443 1426 502 1492 hoc
523 1431 581 1502 eet,
607 1423 691 1509 quod
711 1422 757 1489 ait
781 1418 1016 1502 Aristotelea*
1000 1453 1077 1493 εστι
1099 1427 1377 1522 χαλεπονιινοι

151 1522 259 1595 colors
280 1521 323 1593 το
350 1526 465 1618 κρὶιιιν
485 1525 582 1592 ποῖον
598 1551 672 1590 avve
695 1521 788 1591 ποίου
806 1517 964 1615 αἱρετέον
988 1527 1070 1610 quid
1086 1531 1141 1592 cui
1162 1541 1252 1594 αηιο-

146 1627 332 1712 ponendum
347 1628 401 1702 stt,
419 1624 562 1710 difficilis
578 1644 661 1709 soepc
676 1633 723 1689 est
731 1622 907 1707 judicatio.
935 1620 1130 1691 Andronicus
1146 1637 1252 1693 autem

151 1723 314 1790 Rhodius.
331 1720 375 1792 ‘rd
388 1752 451 1792 κατ
452 1718 629 1803 ἀλήθειαν
645 1711 763 1789 δίκαιον
780 1711 969 1813 δυσχερές
953 1749 1029 1790 εστι
1047 1752 1108 1792 τον
1093 1717 1251 1794 δοκοῦν-
1265 1743 1355 1830 ram
1365 1743 1378 1781 ¹
1387 1743 1407 1782 ι

150 1851 208 1894 τοι
225 1815 353 1892 διελεῖν·
368 1823 497 1909 difficile
512 1833 558 1888 eet
574 1823 621 1898 ιιι,
640 1822 728 1907 quod
744 1842 816 1887 vcro
824 1821 951 1904 justum
967 1833 1023 1899 cet,
1041 1824 1085 1888 ab
1100 1847 1146 1903 oo,
1163 1803 1284 1912 quod

152 1925 219 1989 tale
235 1925 373 2000 addetur,
391 1925 578 1988 diseo-rore.

227 2023 271 2088 ll.
315 2025 334 2087 1
368 2021 506 2086 Primum
529 2027 633 2085 autem
656 2017 734 2083 illud
756 2026 805 2084 eet
827 2019 1005 2097 tenendum,
1031 2020 1151 2089 etiamsi
1177 2024 1253 2110 quid

107 2187 111 2196 ,
148 2120 267 2208 justum
279 2120 382 2207 reipsa
397 2129 454 2197 cst,
467 2118 523 2185 sed
540 2119 580 2185 ab
596 2141 633 2185 eo
649 2117 695 2196 fit,
708 2115 770 2203 qui,
784 2117 925 2184 omnibus
941 2121 1093 2206 expensis,
1105 2121 1252 2210 injustum

153 2220 186 2286 id
203 2219 368 2297 existimat,
394 2229 497 2286 actum
522 2239 589 2284 esse
606 2216 758 2283 vitiosum.
805 2217 877 2280 Hoc
899 2216 980 2282 enim
996 2227 1053 2296 est,
1080 2223 1163 2308 quod
1180 2222 1254 2289 dicit

153 2318 269 2386 Paulus
293 2317 470 2407 Apostolus,
495 2316 641 2404 quicquid
667 2337 730 2381 uon
754 2315 790 2380 fit
815 2337 856 2380 ex
882 2316 953 2393 ride,
980 2327 1141 2404 peecatum
1167 2343 1252 2388 csse:
1267 2329 1417 2374 amnena

153 2422 230 2505 ο(ιιιο
253 2417 286 2482 in
300 2417 366 2484 loco
382 2418 459 2483 tides
478 2415 573 2483 animi
585 2413 737 2503 judicium
758 2413 798 2480 de
817 2436 854 2479 re
872 2415 1033 2504 significat
1084 2421 1167 2484 Nam
1190 2420 1254 2486 uim

147 2515 362 2605 judieatrieem
379 2515 521 2582 humanis
537 2514 708 2581 actionibus
725 2513 834 2580 ducem
850 2515 939 2581 Deus
955 2515 1086 2596 addidit,
1104 2541 1166 2606 qua
1182 2542 1256 2588 con·

153 2624 252 2683 temta
266 2614 457 2683 obbrutesoit
471 2613 603 2680 animus.

153 2791 229 2846 illius,
238 2789 308 2837 Tem.
320 2803 361 2838 ιιι.
371 2789 539 2850 μθιιιιᾱιι.
549 2787 637 2848 eante]
729 2791 768 2836 tor
780 2803 827 2836 non
841 2791 884 2838 erl.
912 2791 1067 2840 Ambrosius:
1077 2798 1200 2853 meorum
1213 2803 1256 2856 eet,

197 2863 681 2925 ‘Quoialocoflduaatmijudiciusede
729 2864 1180 2926 quodcltterfltqucssprobuimcet.
1211 2873 1256 2918 Se·

154 2953 181 2987 re
189 2937 320 3000 eiqmsscut]
341 2938 434 2986 Eodem
445 2939 548 2986 tendunt
560 2940 585 2984 ln
597 2939 680 2986 aedem
730 2939 813 2999 quitur
823 2940 990 3000 Augusduuss
1005 2941 1073 2988 citati
1082 2945 1153 2990 ambo
1165 2959 1180 2990 a
1193 2945 1256 2992 Gra·

153 3015 224 3062 Pauli
239 3014 340 3074 epistola
354 3015 436 3060 eodem
453 3013 531 3074 capite
545 3013 592 3060 lata
606 3011 679 3075 (vers.
730 3013 797 3059 tiano
811 3019 867 3073 pest
882 3027 935 3074 cop.
951 3015 988 3072 14,
1002 3029 1073 3062 musa
1088 3018 1125 3065 28.
1136 3023 1220 3077 quast
1233 3023 1255 3067 1.

153 3088 182 3151 t)
197 3089 304 3136 launna
318 3089 345 3135 du
363 3089 400 3148 τῷ
417 3089 469 3149 lete
488 3088 527 3136 νοῒ
546 3087 683 3149 πληροφο·
731 3087 787 3135 Nou
797 3089 870 3148 longe
884 3088 940 3135 hinc
953 3089 1004 3136 abit
1019 3090 1078 3137 illud
1093 3092 1217 3140 Plutarchi
1230 3095 1256 3142 in

153 3161 253 3224 palata·
268 3161 424 3222 unusquisque
433 3162 616 3208 stimate·
630 3176 682 3209 cer·
735 3162 894 3210 Timoleonte.-
917 3165 956 3210 δοῖ
970 3166 998 3210 et
1009 3164 1084 3223 μόνον
1098 3167 1147 3222 τήν
1161 3168 1258 3229 πράξιν

153 3237 245 3285 mett.
283 3235 599 3296 Ει(ιοι·ι.92)μοκωιιρι
617 3236 682 3297 ipsi
732 3239 795 3285 alm
806 3236 911 3290 κονκλιί
912 3237 987 3285 ιδ
988 3239 1046 3286 ι
1044 3239 1168 3299 ‚muer
1164 3245 1242 3299 i
1236 3243 1243 3260 ⁸

154 3313 245 3371 κρίνων
231 3309 430 3358 mitond}
417 3309 683 3371 Ιιινιιιιμιιι·’ζιὺιιιιιιι
731 3313 808 3373 δόξαν
824 3312 956 3448 ἀφ’ἧιῖ
934 3313 1070 3372 τριίιταττ
1073 3317 1230 3380 ιόνινμμοκ
1216 3275 1258 3368 xiil

154 3384 683 3446 ille‚qui,quodproefert,taeoroidcueaa·
731 3386 797 3446 ἀμιτ
798 3385 906 3434 aimaro
938 3389 1098 3448 impilm
1079 3410 1184 3453 ωομεν
1130 3395 1200 3440 vlo
1201 3394 1260 3453 μά.

155 3595 316 3655 sometimee
332 3603 363 3653 ιο
381 3595 432 3654 the
446 3615 508 3665 one,
523 3599 579 3655 and
591 3599 752 3656 sometimes
766 3606 797 3656 to
809 3599 859 3656 the
869 3601 967 3656 other:
989 3601 1105 3659 whence
1119 3619 1156 3658 an
1167 3605 1257 3661 ambi·

155 3685 236 3757 guity
250 3683 329 3739 osten
350 3683 430 3740 takes
447 3685 537 3756 ploce,
551 3685 609 3741 lilre
623 3685 742 3756 twilighc
755 3685 882 3742 between
900 3687 956 3760 day
970 3688 1026 3742 and
1043 3687 1131 3760 night,
1147 3707 1179 3745 or
1193 3692 1258 3747 cold

156 3779 243 3827 water
262 3769 410 3842 gradually
428 3769 540 3826 hosted.
585 3771 651 3826 And
672 3770 756 3826 thia
747 3789 771 3828 ιι
790 3771 865 3827 what
881 3772 1013 3828 Aristotle
1027 3791 1098 3846 says,
1112 3775 1175 3831 that
1192 3778 1242 3833 it
1233 3793 1257 3832 rs

157 3855 237 3912 often
250 3856 367 3912 difficult
381 3863 412 3911 to
427 3856 525 3913 decide
540 3857 630 3912 which
649 3858 685 3913 oi
699 3863 755 3913 ιιιο
774 3857 890 3930 things
882 3875 905 3914 ιι
919 3863 949 3914 ιο
963 3858 1001 3914 be
1017 3860 1179 3983 preferred.
1199 3863 1257 3918 and

157 3955 189 3996 eo
202 3941 378 3996 Andronicus
388 3941 523 3998 Rhodius.

211 4025 304 4079 11.1
327 4027 361 4080 In
380 4027 429 4082 the
443 4029 504 4085 ιιοι
519 4029 608 4102 place,
627 4028 708 4085 this·
698 4045 723 4084 re
741 4028 848 4085 certain
864 4023 906 4100 [as
923 4048 942 4086 a
954 4032 1035 4104 point
1055 4033 1089 4088 of
1104 4029 1259 4107 morality]‚

158 4109 222 4167 that
236 4109 262 4164 it'
272 4111 408 4183 onytbing
420 4112 458 4168 be
468 4115 572 4184 justin
586 4115 670 4180 ticeli,
681 4121 729 4187 yet
743 4116 769 4169 if
782 4116 804 4170 it
813 4115 851 4170 be
863 4116 936 4172 done
948 4119 986 4190 by
1000 4118 1059 4172 him
1070 4117 1142 4184 who,
1154 4120 1260 4192 haring

159 4194 345 4267 deliberately
357 4197 492 4268 waighed,
505 4199 601 4255 thinks
620 4201 644 4256 it
658 4203 761 4270 unjust,
775 4201 825 4256 the
839 4210 886 4257 act
903 4203 926 4257 is
941 4204 1062 4258 viciouss
1083 4220 1114 4258 as
1134 4206 1168 4258 St
1185 4206 1259 4260 Paul

158 4297 230 4353 says,
245 4280 308 4335 that
319 4279 490 4338 whatsoever
501 4285 525 4338 is
538 4290 589 4339 ιιοι
604 4286 636 4339 oi
647 4285 719 4341 saith
731 4287 755 4341 is
770 4285 829 4352 sin3
844 4288 873 4341 in
885 4287 976 4342 which
988 4288 1069 4358 place
1078 4290 1157 4361 saith
1172 4289 1259 4360 signi·

159 4368 210 4423 fles
224 4364 275 4421 the
284 4365 434 4437 judgment
445 4368 480 4423 os
490 4368 539 4425 the
550 4370 628 4424 mind
640 4373 810 4442 concerniug
823 4371 872 4427 the
887 4379 939 4427 act
968 4372 1026 4427 For
1039 4373 1102 4426 God
1113 4373 1163 4430 hes
1176 4377 1260 4444 giren

159 4470 193 4509 ns
205 4451 254 4507 the
268 4467 363 4523 power
380 4452 414 4507 oi
427 4453 554 4527 J'udging‚
572 4472 603 4511 as
618 4455 667 4511 the
680 4457 766 4529 guido
780 4456 814 4513 of
829 4457 935 4513 human
952 4458 1077 4524 actions3
1095 4461 1151 4514 and
1167 4460 1261 4517 isthic

160 4539 197 4596 be
208 4538 347 4612 despised,
361 4537 410 4596 the
422 4539 500 4596 mind
513 4540 689 4600 isbrutilled.
