3298 5128
348 349 412 412 210
666 359 719 412 DE
742 357 1000 414 LEGATIONUM
1021 359 1128 414 JURF..
1326 355 1398 429 [Lm.
1411 361 1451 416 H.

348 523 389 590 ed
415 544 486 588 eum
507 520 560 607 qui
585 518 676 596 misit,
703 543 771 586 cum
796 520 951 607 postulato
976 529 1012 586 ut
1036 543 1107 586 eum
1129 520 1240 607 puniat
1263 530 1320 587 sut
1345 523 1451 601 dedet,

350 623 503 709 quomodo
520 619 628 686 Gallos
644 621 814 707 postulasse
830 620 973 708 legimus,
991 629 1026 686 ut
1042 619 1100 685 sibi
1121 620 1311 686 dederentur
1329 623 1428 691 Fabii.

422 724 442 786 6
479 720 551 797 Sed,
570 721 653 805 quod
669 741 765 807 supra
779 719 913 785 dimmus
927 719 1099 806 aliquoties,
1113 720 1249 786 humane
1260 719 1335 806 jure
1350 722 1453 788 omnis

350 821 397 888 ite
412 843 480 886 esse
501 829 690 906 comparate,
713 829 750 885 ut
772 841 834 884 non
851 817 990 908 obligent
1012 819 1044 882 iu
1060 841 1180 884 summa
1201 820 1391 896 necessitate,
1418 822 1452 886 id

351 921 391 986 de
407 921 466 986 hoe
483 941 606 1007 quoquo
620 927 777 1005 precepto
793 918 1002 984 sanctimonie
1014 918 1188 1006 legatorum
1203 919 1362 986 obtinebit.
1387 921 1452 987 Ve-

349 1042 421 1086 rum
443 1019 470 1084 is
485 1041 567 1106 apex
589 1018 780 1084 necessitatis
801 1040 863 1083 uon
884 1026 932 1083 cst
952 1017 985 1082 iu
1007 1017 1160 1083 sumtione
1179 1040 1288 1105 piens,
1306 1040 1398 1105 quam
1419 1029 1453 1086 et

350 1119 418 1185 eliis
440 1118 474 1184 in
490 1119 611 1184 casibus
633 1118 700 1184 tolli
715 1117 789 1204 jure
805 1117 945 1206 gentium
965 1117 1047 1181 inira
1065 1118 1238 1203 apparebit,
1257 1139 1325 1184 cum
1343 1120 1383 1185 de
1403 1142 1451 1186 so-

350 1219 450 1285 lennis
474 1218 545 1284 belli
563 1217 722 1284 effectibus
740 1239 888 1305 agemus:
911 1215 1007 1282 multo
1028 1216 1129 1281 minus
1148 1215 1180 1282 in
1201 1217 1277 1296 loeo,
1300 1227 1450 1306 tempore,

351 1340 389 1384 ac
405 1317 496 1384 modo
513 1316 671 1383 sumendae
686 1338 794 1402 piene,
812 1317 868 1381 sed
883 1315 915 1380 in
930 1316 1139 1402 precautions
1151 1316 1258 1405 gravis
1275 1317 1355 1394 meli,
1371 1340 1451 1405 pree-

350 1416 459 1483 sertim
477 1416 598 1502 publici.
644 1417 751 1494 Quare
768 1425 804 1481 ut
821 1415 945 1480 obviam
966 1425 1057 1480 estur
1073 1415 1245 1482 imminenti
1261 1416 1407 1503 periculo,
1425 1417 1452 1482 si

350 1516 412 1581 alis
435 1516 520 1580 nulla
548 1523 595 1581 est
619 1515 699 1580 ratio
726 1515 849 1594 idonea,
873 1523 907 1580 et
930 1514 1059 1582 retineri
1084 1524 1118 1581 et
1141 1516 1331 1604 interrogari
1355 1517 1452 1605 legsti

350 1623 506 1701 poterunt
546 1617 597 1680 Ita
619 1614 758 1679 consules
782 1613 916 1679 Romani
931 1615 1092 1702 Tarquinii
1115 1615 1254 1704 plegatos
1277 1617 1452 1704 deprehen-

351 1715 474 1792 derunt,
501 1713 682 1780 ‘'literarum
704 1713 736 1778 in
758 1714 865 1802 primis
886 1713 994 1781 habitu
1014 1737 1099 1794 cura,
1122 1725 1159 1782 ut
1179 1715 1287 1781 Livius
1304 1717 1451 1804 loquitur,

350 1835 392 1881 ne
408 1814 639 1880 interciderent.

291 1982 295 1992 ’
351 1994 404 2052 {ieie
415 1993 448 2038 ele
458 1990 612 2052 τήνῬοιμην
622 1990 747 2050 ἐλθόντος,
759 1992 876 2052 ὑβρῖσον-
925 1993 1027 2039 snloosd
1038 1993 1173 2042 libertotom
1184 1994 1322 2042 concitaret.
1354 1994 1452 2042 Plutar-

350 2086 402 2128 τοι,
410 2067 575 2128 ἐπέμφθησαν
581 2069 625 2126 μὲν
632 2070 666 2115 εἰς
671 2067 878 2128 τήνΚαρχηδόνα,
925 2067 991 2125 ohus,
1001 2067 1132 2130 (pssg.292)
1140 2073 1165 2116 et
1172 2069 1272 2116 Latinus
1283 2069 1387 2130 scriptor
1396 2071 1452 2116 vite

351 2145 393 2191 καὶ
406 2143 556 2204 ἐξεδόθησαν
572 2143 671 2203 σφισιν,
686 2146 731 2190 οὐκ
744 2143 837 2190 ἔπαθον
851 2145 878 2190 ol
926 2142 1055 2204 Pelopida.
1074 2144 1163 2204 (Corn.
1174 2145 1237 2204 Nep.
1247 2161 1268 2192 c.
1278 2145 1317 2204 5.)

352 2219 395 2266 ὑπ’
412 2220 495 2264 αὐτῶν
510 2217 590 2264 δεινὸν
604 2219 683 2276 οὐδὲν,
696 2218 756 2266 ἀλλ’
772 2217 878 2277 ἀφείθη·
970 2227 982 2261 t
996 2219 1134 2266 Locrorum
1146 2221 1173 2266 in
1181 2221 1271 2280 primic
1284 2221 1368 2270 Motu
1379 2220 1452 2282 cura]
1482 2210 1491 2224 ⁸

351 2306 407 2340 σαν·
425 2291 585 2349 camjueem
594 2293 692 2352 quiden
703 2293 776 2353 lopati
786 2307 803 2338 a
815 2292 878 2338 Car·
926 2293 989 2340 Vide
1005 2297 1134 2342 &nanum
1150 2297 1174 2342 iu
1192 2297 1297 2344 ilenrico
1314 2299 1359 2345 Ν.
1387 2298 1453 2358 [hut

350 2368 447 2428 tlaqisc
461 2367 562 2414 Rom
571 2367 691 2425 merem,
708 2368 787 2428 dipsis
796 2373 877 2414 conm-
925 2370 1007 2428 potins
1015 2372 1146 2418 Auctorem
1157 2373 1324 2432 supplementi
1335 2374 1453 2420 hionliar-

349 2443 443 2489 meliore
462 2440 571 2502 wedam
585 2441 709 2500 fecissent,
736 2443 802 2488 missi
823 2448 879 2489 mar
925 2444 990 2502 dum,
1009 2459 1066 2506 peg.
1077 2449 1129 2494 844.
1160 2447 1228 2492 Edit.
1246 2447 1363 2508 Francos?
1384 2449 1453 2497 lost.

353 2516 530 2576 Carthaginem,
546 2516 677 2576 traditique
693 2516 878 2577 Carthaginien·
925 2533 974 2578 qus
983 2534 1040 2566 usus
1049 2521 1144 2568 videtur
1154 2524 1256 2572 Auctor.
1287 2523 1373 2584 Neque
1388 2525 1453 2570 enim

350 2593 422 2648 mter,
437 2591 468 2636 at
478 2591 516 2637 ae
530 2605 585 2638 ecre
594 2591 656 2638 nihii
666 2591 716 2638 illis
726 2593 828 2639 nocitum
837 2598 879 2651 ert,
927 2595 1043 2642 Semnus
1052 2596 1117 2642 ultra
1126 2610 1227 2657 regnum
1237 2598 1318 2645 cmolt
1325 2599 1384 2646 vn.
1395 2613 1454 2660 pro·

349 2667 392 2714 ced
401 2666 695 2714 dimireirustincolumeo.
726 2665 878 2727 [Echulr.
927 2671 1007 2717 cessit.
1038 2671 1152 2719 Ceterum
1162 2674 1373 2734 agituribidceo,
1386 2677 1454 2736 quia

350 2743 432 2790 Ursiu.
453 2757 519 2789 num.
536 2743 572 2788 18.
598 2742 640 2788 ubi
665 2756 695 2790 ex
719 2742 878 2804 incogitantia
927 2747 1031 2793 Seorctis
1044 2752 1097 2794 eret
1106 2748 1200 2808 Legstc
1210 2750 1339 2810 llirpanim,
1353 2759 1455 2813 propter

351 2819 445 2864 Auctor
455 2824 536 2864 noster
546 2819 814 2877 postremsverbamalc
824 2833 878 2866 ver-
926 2821 1094 2881 proditionem,
1115 2823 1186 2869 dmul
1201 2838 1255 2870 cnm
1273 2827 1407 2889 Msersrga
1426 2828 1453 2874 in

349 2895 388 2951 tit,
404 2907 462 2955 pro:
482 2894 623 2954 Traditique
638 2895 697 2952 illie,
712 2895 810 2953 scilicet,
825 2895 877 2942 Rc·
926 2897 1058 2942 custodium
1069 2897 1133 2944 dcto.
1163 2898 1192 2946 J.
1202 2898 1247 2960 B.]

348 2971 433 3028 mro,
449 2984 497 3017 non
510 2970 754 3032 Carthaginiensibus,
766 2986 782 3018 e
791 2972 878 3032 quibus
969 2966 980 2996 ⁸
996 2968 1091 3015 Chorus
1101 2973 1145 3026 est,
1159 2971 1201 3030 qui
1211 2971 1318 3032 loquitur
1328 2973 1388 3031 hele,
1402 2987 1453 3021 non

350 3053 435 3095 contre
444 3047 520 3106 legati
530 3047 605 3093 dediti
615 3054 679 3094 suut.
709 3045 788 3107 J.B.]
926 3043 1034 3100 Fecistis,
1049 3057 1110 3091 vers.
1126 3047 1180 3093 272.
1210 3047 1364 3108 Quemquam
1382 3055 1408 3098 et
1425 3051 1453 3098 in

394 3121 525 3182 rLepctce
543 3119 753 3180 deprehenderant]
781 3120 878 3180 Pelopi·
926 3121 1053 3180 Excerptis
1068 3135 1098 3168 ex
1115 3122 1188 3184 Trag.
1205 3128 1230 3170 et
1244 3124 1335 3172 Comic.
1352 3126 1452 3184 Grecis,

350 3197 393 3242 dns
408 3195 433 3240 in
446 3195 541 3240 ductile
557 3195 678 3253 conjectus
693 3194 724 3239 sb
739 3195 877 3241 Alexandro
926 3197 1027 3253 Auctor,
1038 3197 1118 3242 nescio
1128 3211 1209 3258 quere,
1219 3199 1244 3246 id
1253 3201 1342 3248 Fecisli
1352 3202 1450 3250 tribunt.

350 3269 458 3328 Pheraeo,
470 3269 542 3328 quod,
553 3267 648 3327 legatus
658 3282 712 3314 eum
723 3275 793 3326 esset,
800 3269 877 3316 Thes·
926 3271 953 3318 J.
964 3271 996 3319 B.

349 3517 379 3568 to
393 3511 430 3567 be
449 3511 557 3582 subject
579 3518 609 3568 to
627 3513 677 3570 the
692 3515 827 3573 Romans.
865 3519 897 3574 If
914 3519 964 3576 the
978 3523 1066 3578 crime
1080 3522 1117 3578 be
1134 3541 1213 3580 more
1230 3527 1378 3594 atrocious,
1393 3527 1452 3586 end

347 3599 465 3669 tending
476 3603 506 3652 to
521 3599 617 3670 public
631 3601 769 3668 mischief,
783 3604 833 3659 the
850 3606 1031 3663 ambessedor
1045 3616 1121 3665 must
1136 3611 1171 3666 be
1186 3623 1250 3668 sent
1265 3613 1337 3668 back
1349 3621 1379 3670 to
1390 3615 1451 3670 him

349 3684 409 3738 who
429 3691 493 3738 sent
514 3684 582 3751 him,
596 3687 663 3741 with
682 3705 700 3744 a
717 3689 840 3745 demand
857 3690 920 3747 thet
934 3693 972 3748 he
985 3695 1022 3749 be
1041 3696 1182 3767 punished
1197 3715 1229 3752 or
1247 3701 1451 3767 surrendered3

346 3785 378 3825 es
392 3770 442 3825 the
455 3770 542 3826 Geuls
556 3773 642 3828 estred
655 3773 718 3829 thet
731 3775 781 3831 the
795 3777 876 3833 Fabii
891 3778 992 3836 should
1003 3781 1039 3835 be
1051 3783 1134 3852 giren
1149 3800 1188 3854 up
1203 3789 1233 3838 ιο
1248 3784 1335 3840 them.

401 3859 418 3910 o
440 3857 505 3921 But,
519 3874 549 3912 ae
565 3876 606 3914 we
617 3859 689 3915 hare
703 3862 765 3915 said
781 3863 879 3929 ebore,
896 3865 959 3920 that
973 3867 1010 3920 all
1022 3866 1128 3923 human
1143 3869 1232 3941 rights
1245 3887 1293 3926 ere
1307 3888 1339 3927 so
1354 3871 1450 3927 condi-

346 3941 451 4006 tioned‚
466 3941 529 3996 thet
543 3943 611 4016 they
624 3945 660 3999 do
675 3953 726 4001 not
738 3948 807 4003 bind
822 3951 850 4003 in
869 3967 946 4006 ceses
965 3952 998 4007 of
1009 3960 1135 4010 extreme
1149 3958 1296 4030 necessity,
1310 3975 1341 4013 so
1355 3959 1379 4012 is
1394 3959 1450 4014 this

346 4032 410 4081 trus
428 4028 458 4080 iu
475 4028 531 4084 this
550 4029 678 4086 doctrine
695 4033 729 4087 of
748 4034 797 4089 the
815 4036 1001 4110 inviolability
1018 4040 1052 4094 of
1070 4041 1272 4098 embessedors.
1311 4045 1369 4099 But
1387 4044 1451 4100 that

346 4120 471 4169 extreme
482 4114 516 4169 of
523 4117 662 4190 necessity
670 4118 737 4174 does
749 4127 800 4176 not
812 4138 898 4177 occur
908 4124 938 4177 in
950 4123 999 4179 the
1009 4128 1199 4197 requirement
1212 4129 1245 4182 of
1254 4131 1435 4202 punishment
1442 4151 1452 4199 ς

346 4200 437 4255 which
451 4218 516 4273 mey
530 4202 589 4256 also
604 4203 640 4258 be
655 4207 815 4276 suspended
829 4209 859 4262 in
876 4210 959 4264 other
973 4227 1050 4266 ceses
1064 4213 1101 4284 by
1114 4214 1163 4269 the
1178 4215 1246 4269 Law
1260 4216 1294 4270 of
1312 4217 1451 4284 Notions;

345 4304 375 4342 es
390 4287 447 4342 will
461 4305 567 4360 appear
579 4289 677 4356 below,
691 4291 783 4347 where
798 4311 839 4349 wc
853 4300 927 4350 treet
939 4297 973 4351 oi
984 4297 1033 4352 the
1045 4299 1215 4355 established
1227 4302 1323 4358 effecte
1336 4303 1369 4357 οι
1379 4321 1448 4358 war:

344 4375 401 4429 still
416 4374 470 4430 less
482 4376 550 4430 does
566 4375 622 4430 thie
638 4380 776 4451 necessity
791 4388 906 4451 operate
920 4383 951 4436 iu
966 4383 1014 4438 the
1026 4385 1115 4456 pisce,
1130 4388 1206 4453 time,
1220 4389 1277 4443 sud
1290 4407 1408 4444 manner
1420 4389 1455 4446 of

345 4461 444 4534 taking
463 4463 659 4534 punishment;
688 4464 740 4520 but
763 4467 786 4520 it
809 4465 876 4523 doce
894 4467 962 4524 hold
981 4470 1010 4525 in
1027 4474 1205 4542 precautions
1223 4476 1333 4548 against
1351 4492 1452 4548 graver
