3282 5136
231 362 299 417 Ger.
313 357 394 428 XV.]
436 360 489 414 DE
511 360 731 416 FEDERIBUS
752 357 802 416 AO
824 359 1117 416 SPONSIONIBUS.
1273 351 1335 415 133

231 525 316 605 tiam,
333 549 435 615 neque
451 527 628 615 hospitium,
645 548 746 614 neque
766 525 856 593 fedus
879 525 1023 593 amicitiae
1039 547 1132 592 ceusu
1147 525 1263 592 foetum
1280 528 1337 593 he-

231 628 353 704 heotur,
368 627 402 692 hi
427 628 532 694 hostes
557 627 680 713 quidem
706 649 768 693 non
793 627 876 693 sint:
902 627 985 713 quod
1006 635 1111 692 nutem
1135 648 1176 692 ex
1192 627 1335 692 Romano

231 726 272 794 sd
288 749 343 792 eos
359 735 554 814 pervenerat,
570 726 694 791 illorum
710 726 776 802 fist,
794 735 827 793 et
847 726 927 792 liber
944 726 1036 790 homo
1054 725 1216 792 Romanus
1232 727 1273 792 ab
1291 726 1336 792 eie

232 834 341 913 coptus
357 847 467 891 sersus
483 826 558 893 fist:
582 825 727 912 idemque
748 826 797 901 sit,
815 824 841 890 si
859 825 928 912 quie
943 824 1016 890 inde
1031 824 1072 890 sd
1089 826 1248 891 Romanos
1263 847 1336 913 per-

232 924 357 992 veniet:
381 934 415 991 et
434 926 492 990 hoc
517 946 640 1011 quoque
661 947 735 990 casu
758 923 978 1011 postliminium
993 924 1095 990 detur.
1147 923 1200 989 Sic
1217 926 1335 1012 Corcy-

230 1045 337 1090 rsnsee
360 1022 432 1090 olim
454 1032 527 1090 ente
553 1023 626 1089 belli
650 1022 902 1110 Peloponnesiaci
925 1031 1067 1111 tempore
1083 1022 1188 1090 hostes
1204 1023 1336 1090 Atheni·

231 1123 349 1188 ensium
383 1145 446 1189 non
479 1131 579 1200 erent,
611 1123 667 1188 ssd
700 1145 758 1189 neo
791 1145 899 1210 pacem
929 1144 998 1188 oum
1025 1120 1085 1188 illis
1111 1145 1169 1188 neo
1195 1122 1335 1189 inducias

231 1221 399 1300 hebebsut,
432 1231 467 1288 ut
499 1244 540 1288 ex
573 1222 714 1288 orstione
741 1221 973 1288 Corinthiorum
1002 1221 1087 1308 apud
1116 1223 1333 1311 Thucydidem
1345 1233 1391 1276 sse
1400 1235 1414 1275 ¹-
1423 1237 1454 1278 4ο-

230 1330 370 1409 upperet.
422 1325 473 1388 De
506 1323 630 1387 Boccho
661 1321 844 1388 Sallustius:
876 1324 969 1388 uobis
996 1343 1096 1408 nepita
1126 1323 1205 1388 bello
1234 1345 1333 1409 sieque
1344 1341 1483 1427 grance

225 1443 312 1508 poce
328 1424 483 1507 ooynitsse.
535 1420 619 1486 Hinc
635 1421 669 1486 in
686 1420 836 1487 bsrbsros
852 1421 991 1509 predum
1009 1442 1156 1488 exercere
1172 1421 1332 1488 laudatum

230 1520 402 1603 Aristoteli,
428 1521 552 1608 et'ipso
575 1542 637 1586 vox
659 1519 757 1586 hostis
773 1521 873 1588 reteri
890 1520 982 1587 Letio
999 1519 1076 1587 nihil
1092 1519 1151 1586 nisi
1169 1529 1333 1588 externum
1347 1535 1474 1576 Peste-tt

230 1618 431 1709 significabat

306 1723 328 1784 3
363 1720 429 1786 Sub
445 1720 504 1786 hoc
520 1741 638 1808 genere
650 1720 877 1808 comprehendo
895 1728 927 1788 et
942 1720 1051 1786 federis
1068 1719 1179 1806 quibus
1193 1729 1333 1799 cavetur,

230 1827 268 1884 ut
289 1817 434 1906 utrinque
454 1819 507 1907 jus
532 1818 668 1907 hospitii,
695 1828 731 1885 ut
748 1819 802 1905 jus
824 1819 997 1908 commercii
1019 1820 1069 1896 sit,
1095 1827 1248 1906 quotenus
1272 1820 1334 1888 ists

230 1917 289 1984 sub
300 1918 375 2004 jure
391 1918 528 1985 noturali
544 1919 682 1995 veniunt,
699 1941 763 2005 quo
780 1920 820 1986 de
836 1941 873 1985 re
889 1919 1009 2008 egimus
1024 1918 1107 1984 olibi.
1150 1917 1259 1985 Utitur
1274 1919 1334 1984 hoc

232 2016 407 2084 discrimine
432 2019 524 2096 Areo,
553 2017 586 2083 in
612 2017 753 2084 oratione
781 2018 822 2084 sd
850 2018 983 2086 Achaeos
1008 2018 1094 2104 opud
1120 2017 1252 2094 Livium,
1280 2016 1333 2084 ubi
1345 2035 1475 2122 gomet

231 2137 295 2182 non
312 2117 352 2184 de
368 2116 518 2184 societate
533 2116 580 2184 sit
600 2118 709 2204 queri,
726 2117 782 2184 sed
802 2117 843 2184 de
864 2117 1046 2183 commercio
1068 2116 1229 2204 praebendi
1244 2138 1334 2204 repe·

231 2293 385 2354 (Pegella)
423 2292 504 2340 Simile
527 2295 564 2338 est
588 2291 653 2351 quod
678 2290 758 2337 Jndnt
805 2291 962 2339 Latrocinnst
977 2292 1045 2352 apud
1059 2293 1169 2353 antiquos
1183 2307 1230 2338 non
1244 2295 1334 2339 meum

231 2369 342 2416 domnum
357 2371 439 2416 dstnrn
454 2369 477 2417 el
489 2367 530 2429 qni
547 2381 591 2413 nee
603 2366 706 2413 Judaens
722 2365 757 2424 tit,
806 2367 1022 2427 trajanensem,
1036 2367 1079 2414 scd
1093 2367 1190 2428 innius·
1204 2368 1333 2429 qlorioeusss

230 2457 275 2492 uec
291 2444 383 2490 Jndssis
399 2443 528 2499 feneratus,
548 2441 696 2488 ssrciendnm
716 2455 758 2488 ne·
806 2440 942 2488 doeemur.
975 2440 1161 2503 (Advenit)

229 2522 298 2578 gent.
329 2518 402 2580 [Vide
418 2518 486 2564 Bshs
501 2517 587 2576 Reme,
608 2530 660 2576 esp.
673 2515 690 2563 Ι.
708 2515 757 2576 §²-
850 2525 864 2560 ε
879 2516 953 2576 Cipius
965 2522 988 2563 st
1001 2517 1149 2577 Thucydides
1164 2515 1276 2577 meminit]
1291 2514 1333 2562 Li-

229 2605 286 2654 pag.
301 2597 339 2642 13.
369 2593 418 2641 Ed.
436 2592 585 2641 Constantini
600 2592 758 2651 I'Emperetsr.
805 2591 1232 2653 bronsddttquesotxtgovaetm
1243 2592 1333 2653 olerxi-

229 2666 258 2716 Ι.
268 2666 312 2728 3.]
806 2684 849 2721 νην
864 2668 956 2714 τούτου
967 2668 1014 2713 τοῦ
1026 2666 1108 2727 ἔργον,
1124 2667 1246 2727 φέροντος
1263 2666 1290 2712 δι’
1305 2682 1334 2712 τι

275 2741 285 2776 ¹
295 2743 370 2804 Apud
385 2742 522 2804 Homerum]
547 2742 654 2802 Odyssea
671 2758 699 2802 γ.
715 2741 758 2788 ubl
806 2738 848 2786 stul
867 2737 940 2798 δόξης
958 2737 1068 2797 μᾶλλον·
1088 2737 1189 2784 sosdrcs
1208 2737 1334 2798 infamiam
1455 2759 1468 2806 s

231 2817 390 2866 Scholhstes:
410 2819 453 2864 oisc
465 2817 554 2878 ἄδοξον
570 2815 600 2874 ἦν
615 2816 687 2874 παρά
701 2821 758 2862 τοῖς
806 2812 906 2858 taceas
916 2810 943 2858 id
951 2810 1007 2857 cs'toe
1015 2824 1094 2870 yma,
1108 2811 1166 2890 gnis
1173 2813 1256 2872 potius
1265 2811 1335 2860 laudi

230 2892 351 2940 παλαιοῖς
365 2893 397 2940 τὸ
415 2891 556 2951 λῃστεύειν,
572 2891 632 2939 ἀλλ’
649 2891 757 2950 εὔδοξον.
806 2885 960 2934 mouebatur.
989 2883 1111 2947 (erpo.)

229 3135 323 3192 tostin
341 3153 413 3209 ssys,
431 3155 470 3209 up
489 3143 519 3192 to
534 3136 583 3194 the
598 3137 667 3193 time
684 3136 718 3193 of
735 3136 868 3208 Tarquin,
889 3136 945 3191 See
963 3136 1070 3191 Rorers
1092 3150 1166 3190 were
1181 3134 1288 3206 objecto
1303 3136 1337 3191 ot

230 3222 415 3278 admiration:
438 3223 494 3278 ond
505 3223 595 3294 again,
607 3224 637 3278 in
649 3222 698 3279 the
715 3223 763 3279 old
777 3224 889 3277 Romen
907 3222 968 3287 low,
986 3221 1012 3276 if
1027 3221 1107 3276 there
1119 3221 1155 3276 he
1167 3237 1222 3292 any
1234 3223 1332 3277 nntion
1378 3283 1380 3288 ,

231 3307 300 3362 scith
319 3307 410 3363 which
427 3308 476 3364 the
496 3309 620 3364 Romans
638 3307 710 3365 here
727 3309 839 3365 neither
854 3307 1020 3379 friendship‚
1035 3323 1088 3362 nor
1105 3307 1228 3379 friendly
1245 3307 1332 3362 intor-

232 3408 339 3459 courss,
361 3410 415 3449 nor
436 3395 562 3461 nilisnoe,
585 3393 654 3467 they
673 3410 721 3450 sre
747 3400 798 3450 not
817 3397 941 3450 enemies
963 3392 1083 3456 indeed3
1105 3393 1158 3447 hut
1178 3392 1241 3448 thot
1258 3392 1334 3449 sehet

231 3478 382 3550 belonging
400 3485 430 3535 to
445 3478 495 3535 tho
514 3481 639 3536 Romans
656 3497 723 3552 goes
737 3481 797 3536 into
811 3480 887 3535 their
907 3497 1001 3552 power
1016 3480 1039 3534 is
1053 3478 1149 3544 theim,
1170 3479 1225 3533 end
1240 3495 1259 3533 s
1272 3479 1334 3535 free
1382 3535 1388 3550 ,

231 3565 342 3621 Romen
353 3565 440 3620 tehen
456 3566 496 3637 by
508 3565 588 3621 them
599 3565 729 3622 becomes
741 3583 759 3620 s
770 3567 899 3638 ceptiv03
920 3566 977 3620 end
996 3564 1135 3620 thesemo
1147 3564 1173 3618 if
1182 3581 1239 3636 sny
1252 3581 1333 3620 come

230 3651 306 3706 from
318 3650 396 3706 them
407 3657 438 3706 to
449 3650 499 3707 the
511 3652 644 3708 Romans.
681 3651 758 3707 Thus
769 3651 819 3707 the
832 3652 1012 3723 Corcyrsons¹
1024 3650 1121 3705 before
1132 3650 1182 3705 the
1193 3651 1333 3723 Pelopon-

231 3737 329 3792 nesisn
343 3753 408 3802 sssr,
419 3753 492 3792 uere
504 3744 555 3794 not
567 3739 690 3793 enomies
704 3737 738 3792 of
753 3737 802 3793 the
816 3737 980 3801 Atheniens,
990 3735 1043 3791 but
1059 3735 1116 3790 hed
1126 3736 1238 3791 neither
1246 3753 1333 3808 pesco

230 3837 285 3878 nor
294 3829 374 3878 truce
386 3822 453 3878 with
467 3823 555 3889 them,
572 3839 603 3878 ss
622 3839 740 3895 eppesrs
754 3823 793 3893 hy
810 3822 860 3878 the
874 3823 984 3878 oration
999 3821 1033 3877 of
1044 3821 1094 3876 the
1113 3820 1291 3878 Corinthious
1304 3824 1333 3876 in

230 3907 418 3982 Thucydides.
465 3909 570 3964 Sellust
581 3925 644 3980 says
655 3909 689 3964 ot
699 3907 835 3969 Bocchus,
847 3917 894 3963 sect
905 3908 1002 3962 known
1012 3917 1039 3962 to
1050 3925 1082 3962 us
1096 3907 1177 3962 either
1188 3909 1217 3962 iss
1229 3927 1290 3962 soor
1301 3921 1334 3963 or

230 3994 261 4048 s'se
270 4011 359 4066 peace.
397 3994 495 4050 Hence
508 3995 643 4050 Aristotle
654 3995 759 4067 prsises
772 3994 852 4050 those
867 3993 929 4049 who
944 3993 1067 4066 piunder
1080 3991 1257 4050 herberienet
1276 3993 1333 4049 ond

231 4078 281 4135 the
296 4079 344 4135 old
355 4081 440 4135 hetin
450 4080 526 4136 word
542 4081 621 4136 hostis
631 4087 727 4135 meent
739 4080 806 4152 only
820 4086 956 4151 strenger.

284 4169 301 4220 3
324 4165 358 4219 In
372 4165 429 4221 this
440 4166 511 4221 clsss
525 4183 575 4222 ere
586 4166 811 4240 comprehendod
829 4166 945 4221 trestios
961 4166 992 4219 in
1009 4164 1100 4220 which
1114 4165 1138 4220 it
1157 4166 1181 4220 is
1198 4161 1334 4237 provided

231 4249 294 4306 thet
306 4251 386 4307 there
397 4252 471 4306 shsll
484 4252 521 4308 bo
532 4269 570 4308 on
584 4253 654 4307 both
666 4252 740 4308 sides
755 4251 803 4308 the
817 4252 894 4323 right
907 4251 942 4307 ot
956 4251 1119 4322 hospitality
1131 4250 1187 4304 end
1202 4250 1236 4304 of
1245 4251 1336 4303 inter·

230 4351 338 4402 course,
352 4353 384 4392 so
403 4338 450 4392 fer
467 4354 498 4393 es
518 4338 586 4410 they
600 4353 681 4393 come
700 4338 791 4393 under
810 4337 931 4392 Netursl
949 4337 1023 4402 hess,
1043 4337 1076 4392 ot
1094 4334 1184 4390 which
1203 4333 1334 4388 uehere

230 4423 340 4478 trestcd
353 4423 512 4479 elsewhere.
557 4423 625 4478 This
637 4422 799 4479 distinction
813 4425 838 4478 is
854 4421 980 4478 referred
998 4428 1029 4478 to
1043 4421 1081 4492 by
1098 4419 1187 4474 Arcus
1206 4419 1237 4472 in
1254 4419 1334 4490 Livy,

229 4507 325 4564 where
342 4507 379 4564 he
393 4525 464 4582 ssys,
478 4509 541 4566 thot
554 4509 604 4566 the
617 4511 746 4582 question
763 4510 787 4566 ts
801 4514 853 4564 not
867 4507 1036 4578 concerning
1051 4505 1170 4560 sllisnoe
1182 4504 1234 4560 hut
1247 4503 1334 4559 inter·
