3188 5128
133 365 589 438 cm.xxliJ.]n10n'1Tlnn
611 369 696 427 NON
717 370 874 426 TEMERE
896 371 1026 438 ETIllM,
1048 371 1131 429 Ero.
1169 363 1233 426 413

131 544 256 626 portum
282 542 340 612 est,
364 531 469 600 stetim
491 541 547 599 eut
572 541 717 620 oportere
742 533 856 600 bellum
882 535 1003 622 suscipi,
1029 545 1085 602 eut
1111 559 1234 624 semper

132 636 226 703 etiem
243 635 346 700 lioero.
392 634 511 700 conus
531 632 613 698 enim
635 633 748 711 evenit,
768 642 804 700 ut
825 633 1007 720 plerumque
1030 635 1129 724 magis
1148 636 1233 722 pium

131 743 313 821 rectumque
327 733 368 799 sit
389 732 429 798 de
446 731 519 819 jure
535 754 591 798 suo
613 731 734 798 oedere.
786 733 868 798 Nem
884 743 1001 800 nostrae
1018 756 1141 821 quoque
1158 735 1231 800 vitae
1245 755 1397 814 menum

133 855 239 901 eurem
260 833 390 899 honeste
414 831 525 909 deseri,
549 841 586 898 ut
605 831 734 897 ulterius
750 839 784 898 et
804 832 877 898 vitoe
899 841 932 899 et
952 834 1044 898 soluti
1060 843 1229 921 perpetuae,
1242 805 1395 890 iiim*

132 942 283 1021 quantum
302 931 335 997 in
351 930 440 997 nobis
462 939 519 1008 est,
537 930 739 1008 oonsulemus,
760 952 856 1018 supra
872 954 928 998 suo
950 933 1016 998 looo
1039 933 1155 999 dietum
1172 943 1229 1001 ost.

133 1032 271 1100 Maxime
287 1039 392 1098 eutem
409 1029 594 1096 Christianis
614 1029 674 1096 hoo
695 1031 847 1108 convenit,
866 1031 919 1118 qui
939 1031 971 1096 in
987 1054 1025 1097 eo
1047 1032 1231 1118 perfectissi-

133 1155 219 1198 mum
234 1129 350 1198 Christi
371 1129 533 1196 imitentur
549 1129 733 1216 exemplum,
755 1129 808 1216 qui
825 1152 882 1218 pro
903 1131 991 1199 nobis
1009 1131 1111 1196 edhuo
1130 1131 1232 1219 impiis

133 1242 169 1299 et
188 1230 306 1297 infestis
322 1230 399 1295 mori
420 1228 526 1307 voluit,
548 1230 638 1294 Rom.
656 1249 686 1294 v.
705 1231 736 1294 6.
783 1230 874 1308 Quod
898 1230 998 1318 ipsum
1020 1230 1116 1296 multo
1136 1232 1231 1298 etiem

133 1331 233 1421 megis
254 1351 311 1395 nos
326 1329 453 1406 excitet,
476 1351 517 1394 ue
532 1350 584 1394 res
606 1336 728 1393 nostres
744 1337 800 1396 eut
814 1329 902 1396 nobis
922 1329 1043 1395 debitas
1065 1351 1233 1417 perseque-

132 1453 205 1496 mur
230 1451 300 1497 oum
323 1437 412 1495 tento
436 1427 565 1494 eliorum
594 1426 795 1506 incommodo,
825 1439 974 1516 qnantum
997 1449 1100 1496 seeum
1125 1430 1232 1498 lerunt
1284 1513 1287 1516 ,

134 1530 226 1600 bello.

161 1683 165 1694 .
205 1632 227 1696 2
260 1629 351 1695 'Non
373 1628 413 1694 ob
433 1626 573 1714 quemvis
595 1649 717 1694 oensem
738 1627 832 1694 telem
854 1627 968 1696 bellum
993 1628 1228 1716 suscipiendum,
1242 1653 1302 1738 3²25
1311 1653 1354 1738 osa

133 1738 167 1796 et
184 1728 368 1796 Aristoteles
390 1736 503 1805 mouet,
527 1737 559 1793 et
576 1727 733 1816 Polybius.
777 1728 844 1793 Neo
859 1749 880 1794 e
896 1727 1054 1795 veteribus
1073 1711 1365 1796 immussuli-'³1-

132 1829 295 1907 Hercules,
318 1827 402 1916 quod
429 1827 631 1894 Leomedonti
656 1836 690 1893 et
715 1827 831 1916 Augiae
858 1849 947 1893 arms
971 1827 1077 1895 intulit
1102 1829 1143 1895 ob
1168 1851 1230 1896 non
1244 1849 1388 1891 emen

130 1930 265 1996 solutum
288 1927 403 1995 loboris
427 1926 611 1992 meroedem.
653 1926 736 1992 Dion
757 1927 946 1992 Prusaeensis
966 1925 999 1991 in
1018 1948 1056 1993 ee
1080 1928 1230 2006 oratione,

133 2050 204 2115 quae
219 2036 267 2094 est
283 2027 323 2093 de
339 2026 420 2094 bello
437 2035 471 2092 et
486 2048 572 2113 psoe,
589 2048 652 2091 non
667 2026 726 2092 hoo
746 2035 866 2092 tuntum
889 2025 935 2093 eit
951 2025 1049 2112 queri
1070 2028 1179 2105 solere,
1203 2035 1231 2097 ei
1243 2046 1335 2096 nnnc.

137 2125 351 2214 συμβέβηκεν
367 2118 500 2208 ἀδίκημα
517 2121 609 2218 srnpni
628 2121 767 2202 τούτων,
784 2129 829 2198 οἷς
846 2119 1046 2195 διανοοῦνται
1063 2129 1231 2207 πολεμεῖν,

135 2251 182 2293 an
197 2229 324 2313 injuria
336 2239 469 2314 occepta
481 2227 525 2292 sit
536 2227 579 2292 ab
594 2227 654 2303 leis,
671 2228 709 2292 do
726 2228 843 2312 quidue
856 2227 934 2292 bello
944 2229 1095 2313 perendie
1108 2230 1231 2312 cupitur,

134 2327 190 2392 sed
212 2325 314 2404 etiam,
339 2321 480 2408 πήλνκόν
501 2353 543 2393 τε
566 2328 671 2394 τοῦτο
687 2323 910 2413 συμβεβηκός,
928 2329 1046 2412 quanti
1065 2329 1233 2394 ‹estiman-

135 2429 216 2492 dum
233 2429 277 2493 sit
293 2428 340 2505 id,
359 2428 444 2514 quod
460 2425 591 2492 oceidit.

136 2603 308 2664 ὕπομένοντεε,
331 2603 433 2664 teretes
455 2621 522 2651 τινες
542 2602 605 2664 ἡμᾶς
625 2603 660 2652 ‘ru'
707 2603 833 2664 Hudrou.)

136 2679 227 2738 νόμιμα
248 2684 323 2725 κινεῖν
343 2677 512 2742 ἀναγκάζωσι,
532 2677 598 2725 τότε
618 2681 659 2726 stul
754 2677 761 2706 ¹
778 2680 826 2726 Sed
835 2693 880 2726 neo
888 2680 1045 2741 vitupentus,
1053 2679 1137 2728 sellem
1145 2695 1160 2728 ι
1167 2681 1235 2728 Phu-

134 2751 206 2810 περᾰ
220 2753 321 2810 δύναμιν
336 2751 468 2811 αΙρούμεθα
478 2751 604 2812 πολέμους
618 2751 660 2799 καὶ
708 2765 789 2810 suu,
804 2754 872 2814 cnjus
881 2755 947 2802 locu!
957 2756 981 2802 in
992 2771 1035 2803 οη
1043 2757 1098 2804 libri
1108 2759 1234 2817 iudioetur,

134 2827 209 2888 μέχρι
218 2829 269 2873 τῶν
276 2825 394 2888 ἐσχάτων
401 2832 459 2873 ταῖν
466 2831 607 2886 συμφορεῖς
615 2827 659 2887 ly·
674 2843 679 2854 ·
708 2835 734 2875 et
744 2829 786 2875 nbi
796 2829 883 2874 dieitur
895 2836 998 2889 tentum,
1012 2833 1037 2878 in
1047 2833 1089 2878 illo
1099 2833 1163 2880 bello
1174 2834 1234 2879 nihil

135 2901 312 2962 καρτεροῦμεν·
326 2914 398 2960 neque
413 2899 660 2961 noth-isosdr'tudinem
707 2903 965 2952 unldememorendum
980 2907 1082 2968 gessisse
1092 2907 1233 2954 Herculem:

135 2982 348 3032 excrementum
357 2990 395 3023 m
405 2981 512 3037 audeant,
519 2976 562 3022 ud
567 2977 660 3039 ulleqes
709 2977 749 3034 Τῷ
759 2977 783 3023 δὲ
791 2975 914 3038 Ἡρακλεῖ
923 2979 987 3037 πρὸς
996 2981 1042 3028 τὸν
1049 2979 1148 3040 Δὺγίειν
1155 2981 1234 3028 πολε·

135 3052 332 3113 §permanemus
349 3055 426 3097 celera
436 3050 510 3116 igilur
520 3051 658 3112 damnose
706 3053 804 3112 μοῦντν,
825 3052 893 3099 οὐδὲν
910 3053 1023 3115 ὑπῆρχεν
1039 3053 1233 3104 ἀποδείκνυσθαι

135 3132 210 3174 restes
219 3126 308 3182 latter,
319 3125 360 3172 udi
369 3129 429 3181 suns,
441 3125 483 3186 qus*
492 3139 534 3170 eor
544 3138 561 3170 a
570 3126 659 3187 leuibus
706 3123 833 3186 λαμπρὸν.
855 3127 929 3174 Forte
939 3128 1035 3188 deoepit
1044 3129 1175 3176 Auctorem
1186 3132 1235 3178 ies.

136 3206 219 3262 copam
229 3200 354 3257 discedere,
365 3204 419 3246 essu
428 3199 500 3245 diem
510 3213 586 3259 supra
596 3201 658 3248 eires
706 3203 812 3248 tinenter
822 3202 951 3262 legentem,
964 3209 1007 3250 eut
1016 3217 1046 3249 ex
1055 3205 1169 3252 memorie
1179 3205 1233 3253 lan-

135 3277 197 3322 hella
206 3276 324 3331 ννννίεινν,
338 3279 361 3321 et
373 3273 408 3321 ad
416 3273 500 3320 ultima
509 3287 580 3334 seque
593 3275 658 3322 mola
706 3275 811 3336 dentem,
821 3291 866 3338 νονΙ
876 3276 919 3324 iile
928 3276 1052 3340 λαμπρόν.
1081 3277 1108 3326 Ι.
1120 3278 1153 3328 B.

132 3347 255 3395 'duram
286 3346 361 3406 (Peg.
381 3343 433 3393 498.
451 3343 466 3404 9
486 3345 523 3392 47.
548 3344 657 3394 division.

134 3593 199 3650 llud
211 3593 267 3650 this
281 3595 305 3650 ie
319 3593 468 3667 especielly
478 3593 599 3650 euiteble
611 3599 640 3650 to
652 3613 670 3650 ε
684 3595 846 3653 christien's
858 3598 1018 3666 charontem
1031 3599 1094 3657 who
1106 3603 1135 3658 in
1147 3602 1235 3681 doing

134 3682 199 3748 this,
213 3681 336 3736 imitetee
348 3681 397 3736 the
409 3681 519 3753 perfeot
527 3682 654 3754 exemplo
669 3681 703 3738 ot'
715 3683 816 3748 christ,
830 3683 893 3739 who
904 3701 960 3741 ves
971 3686 1073 3759 nilling
1084 3695 1114 3744 to
1126 3689 1173 3745 die
1186 3691 1234 3746 sor

135 3785 167 3823 ns
181 3767 262 3822 when
276 3784 318 3822 vo
336 3783 409 3822 were
426 3773 475 3839 yet
494 3767 618 3841 ungodly
635 3769 691 3823 ond
709 3767 820 3826 hostile.
858 3769 960 3826 Which
979 3773 1003 3830 ie
1020 3791 1038 3828 ε
1054 3791 1153 3831 reeson
1167 3777 1232 3850 why

134 3871 175 3910 wo
186 3853 287 3909 should
299 3860 350 3908 not
364 3859 512 3926 prosecute
526 3870 579 3909 our
595 3852 684 3926 rights
699 3871 732 3909 or
749 3871 802 3910 our
815 3855 884 3923 dues
901 3863 932 3912 to
949 3858 999 3914 the
1016 3859 1234 3921 inconveniente

60 3980 62 3984 .
135 3939 168 3993 oi
180 3939 283 4004 others,
297 3946 327 3994 to
342 3956 373 3994 so
387 3944 468 4012 grem
482 3956 519 3994 nn
534 3946 674 3996 extentes
688 3958 746 3996 wer
757 3943 907 3998 occasions.

187 4029 204 4078 2
226 4023 300 4079 Thet
318 4041 375 4080 wer
394 4027 418 4080 is
438 4033 489 4081 not
508 4031 537 4081 to
558 4026 594 4081 be
608 4027 783 4082 undertakeu
798 4029 844 4084 for
861 4046 944 4103 every
964 4030 1032 4088 such
1054 4049 1146 4099 oense,
1162 4034 1233 4091 both

134 4105 269 4164 Aristotle
288 4109 354 4174 end,
363 4111 496 4182 Polybius
519 4112 602 4168 teeoh
622 4130 663 4170 us.
702 4114 838 4170 Hercules
857 4117 879 4170 ie
898 4123 950 4171 not
972 4113 1107 4188 praised*
1125 4119 1163 4190 by
1182 4121 1233 4178 the

134 4195 261 4250 enoieute
274 4195 321 4249 ior
333 4195 399 4251 thet
415 4195 452 4250 ho
471 4197 539 4251 took
558 4215 636 4271 ενα]
654 4199 704 4255 the
720 4217 795 4255 ernis
812 4201 846 4256 oi
860 4201 1023 4256 Laomedon
1046 4203 1102 4256 end
1120 4203 1234 4274 Augias,

134 4276 254 4336 moene
275 4280 343 4352 thoy
362 4280 411 4335 did
428 4288 478 4336 not
494 4299 550 4356 puy
569 4282 629 4338 him
650 4286 697 4341 for
710 4285 753 4341 his
769 4285 877 4341 lebour.
913 4287 969 4342 Dio
985 4289 1155 4342 Prusaeensis
1169 4306 1232 4362 enyo

135 4365 197 4423 thet
209 4365 257 4422 the
269 4367 398 4440 question
411 4367 434 4422 is
449 4373 479 4422 to
494 4368 530 4422 be
542 4368 636 4435 eeked,
650 4377 701 4428 not
715 4372 782 4444 only
796 4371 924 4427 whether
936 4388 973 4426 eu
987 4373 1080 4445 injury
1094 4372 1144 4430 hus
1159 4374 1233 4432 been

158 4511 172 4537 ¹
188 4509 238 4558 But
247 4509 341 4558 nelther
350 4510 370 4557 le
379 4511 410 4563 he
418 4510 521 4569 blamed,
531 4515 557 4559 et
566 4511 628 4560 leest
638 4513 662 4564 ln
672 4514 714 4562 the
723 4528 823 4575 μεινεκε
833 4514 861 4562 ol
869 4515 1000 4562 Penseniu
1011 4515 1111 4576 quoted.
1136 4516 1161 4564 J.
1168 4515 1199 4566 B.
