3228 5136
352 365 395 434 76
712 375 765 432 un
787 371 1091 430 conwoionmue.
1326 369 1399 438 [nm.
1413 369 1454 428 11.

189 557 311 600 aucte-³⁰-
354 542 462 608 Caesar
488 539 654 628 Augustus
679 535 802 602 notavit
827 535 956 621 aliquos,
989 534 1074 621 quod
1107 532 1255 622 pecunias
1287 533 1457 602 leuioribus

353 640 457 708 usuris
473 636 615 713 mutuati,
633 635 773 725 graviori
789 635 910 700 foenore
927 633 1135 700 collocassent.

427 740 518 804 XXI.
571 734 811 801 Observandum
835 743 941 798 tamen
965 741 1023 810 est,
1049 754 1117 798 esse
1137 732 1280 818 quaedam
1302 737 1392 820 ‘quae
1411 733 1455 802 ad

352 859 456 904 usurae
473 835 606 922 speeiem
627 833 785 910 accedant,
809 853 846 898 ac
867 832 961 920 vulgo
977 853 1081 897 usurae
1097 853 1165 896 ease
1183 831 1359 909 videantur,
1383 855 1454 898 eum

300 963 305 972 ·
353 946 459 1003 tamen
475 944 567 1022 pacta
582 934 644 999 nint
663 931 787 1020 generis
809 928 958 996 alterins:
981 938 1018 996 ut
1042 931 1083 995 de
1108 931 1303 1017 repensando
1328 931 1453 1009 damno,

354 1035 436 1122 quod
460 1033 536 1100 facit
564 1032 618 1118 qui
645 1031 806 1118 pecuniam
830 1029 886 1095 dat
910 1037 1060 1105 mutuam,
1086 1051 1123 1094 eo
1145 1029 1230 1115 quod
1252 1029 1306 1095 diu
1322 1031 1455 1116 pecunia

353 1142 478 1200 careat:
503 1132 578 1197 item
605 1132 646 1196 de
670 1130 755 1196 luero
781 1128 822 1192 ob
844 1127 944 1194 mutui
966 1127 1124 1194 dationem
1148 1135 1297 1206 cessante,
1319 1128 1453 1195 deducto

353 1233 468 1300 scilicet
488 1230 606 1296 incerto
622 1227 697 1316 spei,
715 1236 750 1293 et
764 1226 872 1292 labore
886 1225 940 1312 qui
956 1226 1134 1293 subeundus
1149 1225 1263 1292 iuerat
1291 1226 1342 1293 Sic
1358 1226 1453 1293 etiam

353 1354 410 1419 pro
427 1329 573 1417 impensis
590 1327 656 1414 ejus
672 1326 727 1413 qui
743 1325 847 1390 multis
864 1325 920 1391 dat
936 1333 1076 1391 mutuam
1093 1324 1264 1412 pecuniam,
1290 1334 1323 1392 et
1338 1326 1372 1390 in
1394 1325 1454 1392 hoo

352 1438 495 1517 paratam
519 1428 634 1494 hahet:
660 1434 694 1492 et
709 1446 767 1511 pro
784 1423 920 1509 periculo
936 1424 1118 1490 amittenda)
1134 1424 1237 1504 sortis,
1263 1424 1318 1491 ubi
1341 1425 1454 1490 idonee

352 1550 415 1594 non
431 1534 569 1604 caretur,
587 1525 613 1591 si
628 1523 704 1610 quid
718 1521 865 1612 exigitur,
890 1543 985 1588 usura
1000 1545 1076 1588 were
1092 1545 1154 1588 non
1171 1531 1227 1588 est
1266 1523 1453 1589 Demosthe-

186 1645 323 1694 »νωνῶν
351 1649 407 1693 nes
436 1625 576 1691 oratione
595 1627 632 1690 a'n
648 1628 893 1698 Paatoeuetum,
916 1643 997 1698 euni,
1027 1621 1082 1707 qui
1106 1620 1191 1708 quod
1214 1643 1254 1687 ex
1276 1629 1454 1688 mercatura

351 1734 407 1792 aut
423 1727 555 1791 honesta
571 1743 667 1810 opera
681 1720 824 1808 quesivit
839 1713 918 1786 ¹¹enb
934 1719 1054 1786 modico
1073 1721 1183 1786 lucello
1200 1721 1309 1799 elocat,
1335 1721 1452 1810 partim
1478 1777 1480 1782 .

328 1955 331 1962 ,
343 1899 425 1962 fenus
440 1913 536 1960 meyero.
560 1897 631 1958 (Peg.
653 1898 706 1945 121.
724 1895 794 1943 Edit.
814 1893 877 1946 Feli.
924 1893 1451 1956 MaximushomiliarndeQuequesimn:

349 1977 440 2036 Brem.)
456 1975 641 2035 chrysostomus
653 1970 822 2030 dedetractor.
832 1970 877 2016 tua
923 1975 985 2016 reete
997 1970 1083 2028 stater
1094 1969 1262 2030 frequentatio
1279 1969 1409 2038 ecclesium,
1429 1969 1453 2016 aa·

350 2051 488 2110 haeredum
498 2047 580 2106 βλέπε
591 2046 624 2106 μή
634 2046 747 2106 δανείσῃς
757 2046 789 2090 τὸ
798 2043 876 2104 ἄργῦ·
924 2057 1019 2104 orcam
1028 2048 1080 2090 tuoe
1091 2044 1217 2091 totalitas
1227 2043 1399 2105 daqueimlda
1406 2045 1452 2091 illu

348 2125 403 2183 ριόν
423 2142 468 2170 σου
488 2124 532 2170 ἐπὶ
549 2121 629 2180 τόκῳ.
653 2120 792 2176 moretum
808 2117 875 2177 dsdfi·
925 2118 1314 2177 nonimple'cetett'nnoloatarura.
1332 2119 1452 2165 Hisadde

347 2197 424 2258 ρηξον
444 2196 534 2255 βιαίων
550 2192 773 2252 συναλλαγμάτων
790 2191 875 2252 χειρό-
925 2192 1039 2239 Basiliam
1051 2193 1076 2238 in
1089 2203 1211 2242 sermones
1218 2193 1349 2241 Dominiin
1360 2197 1451 2250 monte,

348 2277 461 2332 ιγραφον·
484 2268 623 2327 Sijq'anes,
637 2267 691 2313 etde
705 2280 734 2312 nc
749 2267 876 2325 pomacium
924 2273 950 2318 et
965 2281 1019 2327 quer
1034 2282 1064 2314 cx
1078 2268 1184 2314 oonoiiiia
1197 2270 1334 2329 noctisque
1347 2269 1451 2328 scripto-

347 2352 413 2394 aaa
429 2340 774 2405 collocusoenerirjcinnns?
794 2351 877 2401 rumpe
923 2343 990 2388 ribus
1012 2343 1111 2403 collegis
1139 2343 1271 2390 Grntiuins
1298 2357 1370 2390 osum
1392 2355 1451 2390 xiv.

346 2421 499 2468 nioimteram
506 2424 632 2480 pactorum
645 2417 772 2464 medionec.
789 2416 874 2476 (Tam.
924 2421 1009 2476 quest.
1026 2417 1059 2463 iii.
1074 2422 1100 2464 et
1111 2417 1143 2464 ir.
1164 2417 1255 2478 [Nullan
1268 2425 1326 2466 sunt
1338 2418 1450 2465 Humilia

347 2508 383 2543 νι.
394 2493 528 2555 pag-987.)
548 2494 615 2538 Idem
630 2492 656 2537 in
671 2495 745 2552 caput
761 2490 874 2536 ultimum
924 2491 1025 2538 Basinu
1040 2492 1160 2554 lingniin
1177 2493 1303 2540 Sermones
1314 2493 1413 2540 Domini
1424 2493 1450 2538 in
1507 2513 1508 2516 ¹

347 2583 366 2618 1.
376 2571 408 2616 ad
424 2568 569 2626 Corinthios,
584 2567 624 2626 (Τ.
635 2579 676 2612 111.
690 2578 747 2626 pag.
762 2563 816 2622 534)
831 2577 875 2624 pe-
923 2572 1020 2615 monte:
1035 2569 1077 2614 sed
1093 2581 1141 2613 una
1155 2573 1192 2614 est
1206 2568 1233 2613 in
1242 2567 1331 2616 Psaim.
1341 2568 1389 2616 xiv.
1404 2569 1448 2614 sd·

347 2645 441 2691 cuniam
458 2645 551 2690 ioenore
572 2646 666 2702 partam
687 2654 736 2686 non
755 2639 833 2699 magis
853 2639 875 2686 si
922 2655 1005 2688 versus
1020 2643 1196 2699 Foeueratores,
1213 2643 1313 2690 Tomi.
1327 2655 1384 2702 pag.
1397 2644 1449 2699 135,

346 2720 372 2765 in
390 2719 563 2778 eleemosynam
579 2718 657 2773 detur,
676 2715 730 2762 Deo
750 2719 873 2774 acceptam
923 2715 1251 2775 eseqq.Ed.Pav-o.1eae.
1263 2729 1335 2775 qnam
1348 2718 1449 2769 Auctor,

348 2807 400 2840 csse
413 2793 456 2847 ait.
469 2805 541 2852 quam
557 2791 577 2838 ei
590 2792 661 2837 datm
673 2802 704 2835 ex
715 2793 809 2848 quaestu
822 2801 873 2834 me·
924 2805 998 2851 quum
1010 2791 1035 2837 in
1048 2791 1128 2837 animo
1141 2791 1247 2846 haberet,
1258 2791 1301 2846 ita,
1317 2791 1386 2852 lapsu
1398 2806 1449 2839 me

346 2867 452 2914 retiioio.
476 2865 780 2926 Augustonemetum.
810 2862 876 2922 Quid
923 2867 1012 2922 moriae,
1025 2878 1152 2926 perperam
1165 2865 1309 2924 designarit.
1337 2865 1426 2926 J.B.]

347 2943 426 2990 dicam
438 2943 467 2989 de
481 2942 566 3000 maris,
582 2954 642 3002 quus
656 2940 727 2986 diam
741 2939 798 2999 ipsc
812 2939 874 2999 leoco
966 2941 1052 3000 sQaoe
1071 2938 1106 2984 nd
1121 2952 1196 2986 usnrae
1209 2941 1308 3000 speeiem
1322 2941 1447 3003 needed]

347 3023 370 3065 et
380 3016 474 3076 Jasdicea
492 3017 562 3064 reddi
573 3015 665 3074 jubeat.
694 3014 736 3062 Ita
755 3014 880 3061 crudelior
923 3011 956 3058 ut
968 3013 988 3057 si
1000 3025 1053 3058 cnm
1062 3011 1125 3071 juris
1137 3014 1241 3060 Romani
1254 3015 1370 3061 consultis
1380 3016 1448 3076 loqui

347 3098 388 3150 ert,
401 3094 442 3153 qui
456 3093 575 3140 metram
587 3089 683 3151 aliqum
696 3089 733 3135 uel
748 3089 820 3149 eripit
835 3089 873 3135 di-
922 3087 1040 3144 rolumus,
1062 3088 1142 3134 ioenus
1162 3089 1278 3136 odiosum
1287 3103 1375 3138 nomen
1401 3097 1448 3148 est,

346 3162 872 3227 uictoriamquitrusc'datpauperemfoenore.
922 3175 995 3208 mura
1009 3175 1057 3207 non
1081 3163 1147 3212 item.
1181 3163 1263 3212 Um
1282 3178 1329 3211 noa
1344 3171 1448 3227 propter

345 3381 396 3437 the
408 3380 568 3452 separation
585 3379 672 3450 being
688 3375 775 3433 taken
793 3395 872 3451 away
885 3379 924 3450 by
937 3377 987 3435 the
1002 3379 1117 3454 (torpel,
1131 3381 1189 3436 and
1202 3379 1252 3438 the
1269 3387 1343 3438 term
1356 3383 1447 3454 adyt-

344 3470 412 3523 bour
426 3482 504 3520 more
518 3464 619 3535 widely
632 3463 781 3520 entended.
819 3465 858 3520 So
875 3465 1039 3522 Lactantius
1053 3467 1110 3521 and
1124 3467 1289 3523 Ambrosius
1303 3469 1443 3524 condemn

344 3569 439 3623 naury.
477 3550 540 3605 And
558 3550 700 3621 Augustus
715 3549 802 3604 noted
815 3551 862 3606 ior
877 3551 985 3607 rehuke
1002 3568 1081 3608 some
1098 3553 1161 3610 who
1175 3553 1322 3609 horrowed
1339 3571 1443 3628 money

342 3643 375 3693 at
385 3638 440 3693 low
453 3637 571 3691 interest
584 3636 713 3691 audient
726 3636 750 3690 it
763 3642 794 3691 at
807 3635 883 3709 high.

397 3723 483 3777 XXI.
507 3719 508 3724 ’
526 3722 555 3776 1t
571 3721 595 3776 is
614 3727 645 3777 to
663 3721 699 3776 he
711 3721 855 3789 obserwed,
869 3722 1007 3790 however,
1022 3724 1087 3781 that
1100 3723 1182 3780 there
1196 3739 1335 3780 areaome
1348 3724 1444 3797 things

271 3815 273 3818 '
344 3807 434 3862 which
453 3806 595 3879 approach
615 3813 645 3863 to
664 3807 714 3862 the
733 3814 834 3864 nature
853 3807 884 3863 oi
901 3825 996 3881 usury,
1018 3811 1075 3865 and
1090 3810 1250 3882 commonly
1264 3826 1312 3865 are
1331 3811 1398 3866 held
1412 3818 1444 3866 to

342 3893 380 3948 he
394 3910 489 3965 usury,
502 3892 592 3948 which
606 3909 655 3948 are
672 3900 751 3964 pacto
766 3893 799 3948 of
813 3893 933 3950 another
944 3896 1027 3951 kind:
1047 3913 1077 3952 ae
1091 3903 1171 3968 pacta
1182 3896 1228 3951 ior
1241 3897 1357 3968 making
1369 3897 1444 3969 good

342 3979 393 4034 the
403 3980 459 4034 loss
470 3977 561 4033 which
580 3977 618 4034 he
632 3979 730 4034 suffera
747 3979 809 4034 who
826 3979 907 4036 lende
921 3997 1032 4054 money,
1043 3981 1082 4054 by
1094 3983 1178 4053 being
1192 3982 1263 4053 kept
1279 3989 1330 4037 out
1347 3984 1382 4037 of
1398 3983 1443 4038 his

341 4081 445 4136 money
458 4080 490 4120 so
507 4063 591 4135 long:
610 4063 666 4119 and
681 4081 718 4119 on
733 4071 852 4120 account
870 4066 903 4121 of
913 4066 963 4122 the
976 4069 1043 4139 gain
1059 4069 1151 4122 which
1165 4067 1215 4122 the
1229 4068 1444 4139 moneyiender

341 4151 415 4206 loses
426 4151 465 4222 hy
479 4149 603 4220 lending,
613 4149 766 4222 deducting
777 4151 852 4206 what
863 4155 1047 4225 corresponds
1061 4160 1091 4209 to
1106 4153 1156 4210 the
1168 4152 1346 4225 uncertainty
1357 4154 1392 4208 of
1399 4153 1443 4210 his

341 4236 440 4310 hopes,
460 4237 517 4290 and
536 4235 586 4291 tho
606 4234 706 4290 labour
722 4236 759 4291 he
780 4237 873 4293 would
892 4237 964 4294 have
981 4239 1037 4294 had
1053 4245 1084 4295 to
1098 4240 1234 4311 undergo.
1272 4239 1336 4293 And
1351 4241 1443 4310 again,

342 4324 369 4378 if
377 4322 513 4396 anything
524 4321 560 4377 be
571 4320 730 4377 demanded
743 4338 781 4377 on
795 4330 915 4380 account
928 4325 962 4379 oi
974 4341 1107 4398 expensos
1119 4324 1249 4380 incurred
1261 4325 1298 4396 by
1309 4324 1369 4395 him
1379 4324 1442 4380 who

342 4409 423 4466 lende
435 4425 537 4480 money
547 4413 577 4463 to
589 4423 682 4478 many,
698 4408 755 4462 and
770 4407 821 4465 has
835 4411 859 4465 it
874 4411 962 4483 ready
973 4411 1018 4466 for
1032 4411 1095 4466 that
1105 4427 1245 4483 purpose;
1267 4411 1323 4466 and
1334 4411 1381 4466 for
1393 4411 1442 4466 the

342 4495 449 4568 danger
467 4495 500 4551 oi
515 4495 606 4566 loeing
619 4493 669 4550 the
687 4495 833 4568 principat,
847 4495 939 4553 where
953 4497 1009 4554 due
1016 4497 1145 4572 security
1158 4499 1183 4554 is
1197 4501 1248 4554 not
1262 4497 1363 4565 tekene
1385 4495 1447 4553 this
