3298 5128
205 344 272 400 cn.
286 341 367 412 xrs]
645 343 698 396 nn
720 341 849 398 emma

377 509 525 566 Interdum
538 514 589 566 aut
601 509 709 566 levibus
722 509 816 566 videas
830 509 978 582 mnnita
992 512 1096 568 musis:

379 595 632 667 Quantulsounque
646 595 717 651 adeo
732 601 776 651 est
790 597 908 661 oaossio,
919 597 1020 651 suffieit
1034 598 1092 652 ira.

378 680 549 754 Chrysippus
563 698 622 736 non
636 681 712 736 diaet
725 681 809 747 idern,
823 698 877 737 neo
891 682 960 736 mlte
974 682 1100 738 Thaletis

376 765 534 837 Ingenium,
549 766 679 838 dulcique
693 783 779 822 senex
791 766 898 821 vicinus
912 767 1057 839 Hymetto,

378 851 433 916 Qui
447 857 558 924 partem
572 859 694 924 soesptse
708 869 781 908 sara
794 853 870 908 inter
882 853 975 908 vineis
989 853 1088 909 oieutse

376 937 541 992 Aaousstori
554 938 644 994 nollet
658 937 734 994 dare.
779 938 907 992 Plurima
920 938 989 994 felix

376 1023 519 1078 Paulatim
532 1025 601 1079 vitis
613 1029 699 1096 atque
713 1039 822 1080 errores
836 1023 914 1080 exuit
928 1039 1034 1089 omnes,

376 1109 474 1164 Prima
487 1108 571 1166 doeet
585 1116 694 1166 reatum
707 1109 861 1182 sepientis:
886 1110 992 1182 quippe
1005 1108 1107 1164 minuti

379 1193 498 1267 Semper
511 1202 541 1250 et
555 1195 658 1250 infirmi
672 1200 716 1250 est
729 1195 816 1249 animi
830 1195 978 1266 exiguique
992 1193 1121 1266 voluptas

377 1279 474 1335 Ultio:
500 1281 633 1336 continuo
647 1281 687 1335 sio
701 1280 810 1352 eollige,
824 1280 899 1351 quod
913 1280 1038 1335 vindicta

377 1361 488 1420 *Nemo
502 1367 590 1438 mame
604 1366 709 1438 gaudet
723 1381 807 1437 quam
821 1365 935 1420 femine.

205 1459 325 1527 Eodem
339 1481 430 1528 sensu
446 1462 645 1530 Lmtsndus:
666 1464 812 1548 imperiti
827 1475 858 1528 et
873 1463 1062 1548 insipientes
1072 1464 1235 1550 siquando
1249 1485 1304 1530 aa·
1316 1479 1361 1521 tto
1371 1481 1398 1521 rt
1407 1481 1436 1520 tt

207 1561 334 1646 cipiunt
351 1560 510 1644 injuriam
532 1584 613 1628 oaoo
634 1573 664 1628 et
687 1561 919 1626 irrationabili
930 1563 1052 1646 furore
1073 1563 1248 1639 (ineantur,
1273 1576 1304 1629 ot

205 1660 252 1724 iis
267 1661 325 1743 qni
339 1661 405 1726 sibi
420 1671 531 1726 nooent
546 1663 648 1727 mean
663 1661 838 1725 retribuere
854 1673 1021 1725 ommntar.

277 1760 300 1822 4
333 1755 448 1844 Liquet
469 1779 546 1846 ergo
562 1757 603 1825 ab
618 1757 741 1824 homine
755 1757 910 1823 hominem
927 1779 989 1823 non
1009 1765 1095 1823 reete
1111 1756 1216 1845 puniri
1235 1767 1304 1825 ten-

206 1861 272 1920 tum
289 1855 437 1944 puniendi
453 1877 565 1924 eausa:
582 1879 653 1945 quse
666 1878 742 1946 ergo
754 1855 905 1923 utilitstes
920 1863 1038 1923 reatum
1050 1857 1165 1923 saniem
1180 1847 1304 1945 poenam

207 1953 373 2021 videamus.

280 2053 336 2120 VI.
380 2055 399 2118 1
433 2053 576 2119 Pertinet
596 2060 700 2119 autem
723 2053 784 2120 huo
816 2075 978 2142 panarum
1003 2052 1139 2140 partitio,
1163 2075 1233 2140 quae
1256 2058 1305 2122 est

207 2150 292 2238 apud
309 2151 473 2218 Platonem
487 2151 614 2240 Gorgia,
632 2159 665 2217 et
681 2151 819 2218 Taurum
833 2151 1049 2239 philosophum
1065 2152 1189 2218 adeum
1204 2151 1305 2218 lotum

207 2251 294 2337 eujus
315 2252 413 2317 verbe
432 2250 551 2316 Gellius
573 2248 685 2315 recitat
703 2249 784 2316 libro
801 2272 845 2315 vr.
863 2272 930 2338 oap.
948 2250 1011 2314 xiv.
1030 2271 1102 2315 nem
1123 2249 1306 2338 partitiones

207 2348 276 2414 ista
292 2370 332 2415 ex
348 2349 409 2416 fine
426 2349 575 2416 desumtse
596 2356 677 2426 sunt,
695 2348 754 2415 nisi
773 2350 857 2436 quod
873 2371 943 2414 oum
960 2346 1037 2414 duos
1053 2348 1130 2414 fines
1146 2347 1237 2415 Plato
1251 2371 1307 2437 po·

207 2448 326 2526 sunsei,
353 2446 598 2515 emendationem
623 2453 656 2513 et
680 2448 866 2534 exemplum,
890 2446 1017 2514 tertium
1038 2446 1159 2513 eddidit
1183 2447 1306 2514 Taurus

207 2547 391 2641 ’τιμωρίαν
416 2569 509 2634 quam
528 2545 670 2613 Clemens
691 2547 920 2612 Alexandrinus
945 2545 1062 2624 definit,
1088 2548 1183 2615 κακοῦ
1204 2542 1305 2616 ἄντα·
1319 2572 1455 2622 rorata

210 2639 344 2715 nbboaw
372 2647 415 2716 eis
444 2643 487 2714 ‘eb
512 2647 575 2715 τοῦ
606 2647 826 2739 τιμωροῦντος
853 2639 1021 2740 συμφέρον
1050 2640 1304 2739 ἀναφερομένην·

208 2747 292 2811 mali
316 2746 556 2812 retributionem
588 2767 660 2830 qua
684 2747 731 2809 aa
757 2747 914 2830 stipentis
942 2744 1122 2810 utilitatem
1154 2747 1305 2830 refertar.

209 2843 402 2919 Aristoteles,
427 2843 481 2928 qui
501 2841 613 2908 omissa
637 2863 729 2929 poena
745 2841 924 2929 exemplari,
949 2840 1030 2906 hana
1050 2840 1149 2906 solum
1174 2843 1307 2928 speeiem

209 2963 279 3008 eum
308 2941 520 3008 emendatione
547 2940 643 3028 ponit,
674 2939 816 3007 adhiberi
842 2961 911 3004 eam
936 2938 1020 3014 dicit,
1047 2941 1108 3006 τοῦ
1137 2942 1305 3015 ποιοῦντος
1319 2975 1440 3018 mm

209 3119 238 3167 de
257 3119 304 3166 Ira
324 3119 358 3165 sle
376 3117 498 3179 loquitur:
520 3117 581 3164 baro
598 3131 647 3164 ass
666 3117 734 3164 uleus
780 3115 841 3162 aori.
873 3113 947 3176 (Cap.
963 3113 984 3162 7.
999 3127 1056 3174 pag.
1073 3111 1128 3162 636.
1157 3113 1208 3163 Ed.
1230 3114 1306 3166 vans.

208 3195 283 3242 animi
306 3193 450 3250 marma,
474 3192 632 3253 interdumque
647 3205 734 3252 perpe-
785 3189 872 3250 Gran.)

208 3266 734 3328 triumpndentadqilas'antfflasaisamentis
826 3257 988 3325 filumino]
1011 3263 1069 3311 'Pria
1087 3264 1147 3322 hasa,
1171 3263 1306 3324 νουθεσίαν,

208 3343 307 3390 mollitie
322 3347 460 3399 cumdum
473 3342 502 3388 id
515 3346 643 3388 mam
658 3353 733 3401 arpa·
781 3339 912 3400 τιμωρίαν,
929 3339 1044 3397 κόλασιν,
1059 3340 1257 3398 emandationem,
1269 3356 1308 3388 aa·

208 3423 283 3465 erasto
288 3417 419 3478 probabili,
430 3415 732 3476 quodiraoundiorsssmst
781 3414 949 3472 monem,
969 3415 1114 3474 exemplum,
1135 3416 1208 3461 etism
1230 3417 1307 3476 Chry.

209 3491 362 3540 iaeolsnsibss
374 3490 490 3551 ἱονιονίιὶί,
511 3490 641 3550 aflatus
657 3490 733 3536 masi·
782 3497 901 3537 sostomns
917 3489 987 3549 ponit
1000 3491 1024 3536 in
1035 3492 1049 3536 1
1059 3491 1090 3535 sd
1105 3490 1214 3538 Corinth.
1225 3491 1256 3538 xi.
1268 3494 1308 3542 82.

208 3564 732 3625 motinensibassarsmtfiliribusarsss-
782 3564 1108 3625 (romunpspssassa
1138 3564 1189 3613 Ed.
1202 3565 1293 3626 aava)

262 3815 279 3867 3
307 3811 336 3866 It
356 3811 379 3866 is
395 3809 537 3866 therefore
551 3818 683 3883 oontrsry
702 3816 733 3866 te
755 3809 805 3866 the
819 3815 883 3865 true
904 3815 1005 3866 nature
1021 3808 1055 3864 oi
1072 3827 1137 3865 man
1159 3811 1255 3884 soting
1268 3827 1307 3868 on

208 3911 284 3960 man,
297 3901 329 3950 to
343 3896 402 3951 dud
415 3897 589 3953 satisfaction
603 3897 633 3951 in
645 3895 694 3952 the
707 3897 775 3968 psin
788 3896 823 3952 oi
833 3894 953 3951 another
967 3911 1078 3967 person,
1090 3913 1122 3952 es
1135 3897 1211 3969 pain.
1250 3898 1306 3954 See

209 3981 330 4036 Juvenal
343 3996 381 4035 on
394 3982 536 4054 BerCnge.
570 3979 643 4053 [Set.
654 3996 716 4038 xnr.
728 3979 804 4049 lita]
848 3982 886 4037 So
898 3981 1069 4036 Lsotsmius.

267 4071 285 4119 4
310 4065 462 4122 Therei'ore
479 4085 544 4123 men
559 4069 582 4123 is
596 4073 647 4124 net
660 4067 765 4139 rightly
778 4066 916 4140 punished
931 4067 969 4138 by
983 4084 1048 4122 man
1065 4066 1172 4138 merely
1191 4067 1238 4123 for
1255 4068 1305 4124 the

209 4149 277 4206 sule
296 4150 330 4206 oi
349 4152 514 4225 punishingr
547 4153 588 4209 let
606 4171 638 4210 ns
655 4169 703 4209 see
720 4153 790 4209 then
806 4154 881 4207 vhet
899 4153 994 4225 utility
1010 4153 1106 4208 makes
1124 4152 1306 4223 punishment

208 4237 293 4308 right.

265 4321 315 4376 Vl.
356 4328 370 4376 1
395 4323 438 4378 'l'o
452 4322 509 4378 this
522 4322 631 4393 subject
644 4323 768 4395 pertmns
779 4322 829 4379 the
845 4324 962 4378 division
977 4323 1011 4378 oi'
1020 4320 1202 4393 punishment
1212 4321 1306 4376 stated

208 4407 237 4461 in
252 4407 357 4462 Plato's
375 4409 502 4480 Cos-pios,
522 4408 578 4464 end
597 4409 706 4465 'l'surus
723 4426 762 4465 on
779 4409 829 4466 the
847 4409 936 4480 pison.
952 4425 984 4463 as
1005 4405 1110 4478 quoted
1128 4405 1166 4475 by
1181 4404 1304 4462 Gellius:

206 4492 298 4549 vhioh
311 4492 464 4550 divisionis
475 4494 562 4550 taken
573 4494 647 4550 from
661 4494 710 4552 the
721 4495 777 4551 end
791 4495 826 4567 pi
833 4493 1031 4568 punishments
1042 4495 1143 4563 except
1153 4488 1216 4546 that
1224 4489 1307 4548 while
