3248 5126
174 362 243 417 Can.
258 358 340 428 XX.]
618 361 670 416 DE
692 363 828 418 POENIS.
1213 361 1275 425 289

173 522 362 613 probabilis:
389 547 460 612 quse
480 535 585 592 autem
609 525 671 592 sint
694 547 795 592 causae
816 527 1003 614 probabiles,
1020 550 1197 616 quanquam
1213 553 1277 597 non

174 631 278 711 potest
304 626 436 710 praecise
463 625 595 702 deliniri,
622 625 791 690 tenendum
820 634 925 692 tamen
957 635 1014 705 est,
1045 628 1179 715 majores
1207 652 1275 696 esso
1315 646 1322 656 ’

174 722 290 788 debere
306 731 378 809 post
394 723 506 812 legem,
525 744 618 810 quam
643 744 713 808 quse
735 731 809 790 ante
829 723 931 813 legem
953 726 1184 812 spectabantur,
1202 728 1276 814 quia

174 818 253 910 legis
277 821 457 901 auctoritas,
487 843 581 910 quam
606 821 726 888 serrari
747 821 825 889 utile
847 831 905 901 est,
929 823 970 890 ad
995 845 1104 891 causas
1127 824 1276 914 puniendi

174 919 311 985 wcessit.

246 1019 350 1086 XXV.
399 1020 510 1086 Causae
535 1027 642 1086 autem
669 1018 822 1086 liberandi
855 1019 990 1107 aliquem
1020 1041 1041 1087 a
1069 1043 1165 1109 poena
1194 1022 1275 1112 legis

174 1115 275 1183 solent
290 1139 356 1184 esse
375 1127 431 1184 aut
448 1118 634 1196 intrinsecae,
649 1127 706 1185 aut
727 1118 920 1185 extrinsece.
967 1119 1149 1197 Intrinseca,
1165 1122 1276 1187 cumsi

173 1235 238 1280 non
252 1215 376 1302 injusta,
395 1216 476 1283 dura
492 1225 597 1283 tamen
613 1225 661 1282 est
674 1237 769 1304 poena
782 1217 824 1282 ad
838 1217 954 1283 iactum
970 1229 1157 1305 comparata.

186 1319 190 1326 '
250 1315 372 1382 XXVI.
419 1315 616 1393 Extrinseca,
642 1337 685 1380 ex
705 1313 817 1381 merito
839 1315 953 1401 aliquo,
980 1325 1035 1383 aut
1057 1317 1119 1383 alia
1141 1339 1177 1383 re
1193 1340 1275 1384 eom-

174 1413 361 1490 mandante:
388 1413 560 1481 autetiam
585 1435 641 1499 spe
662 1435 777 1502 magna
796 1414 829 1479 in
853 1423 1033 1501 posterum:
1058 1415 1142 1502 quod
1172 1438 1273 1482 causae

175 1532 276 1600 genus
297 1521 371 1578 tunc
391 1513 525 1579 maxime
547 1511 687 1590 sufficiet,
705 1513 731 1577 si
755 1512 837 1578 ratio
857 1513 936 1603 legis
952 1514 1063 1580 saltem
1080 1513 1275 1601 particulari-

175 1620 226 1676 ter
243 1621 343 1678 cesset
358 1611 391 1676 in
407 1612 489 1678 facto
514 1612 555 1677 de
576 1632 638 1697 quo
662 1609 778 1700 agitur.
829 1612 911 1677 Nam
930 1633 1107 1700 quanquam
1124 1614 1165 1680 ad
1183 1614 1275 1681 susti-

174 1708 308 1774 nendam
323 1709 403 1799 legis
419 1710 585 1777 efficaciam
601 1709 677 1775 satis
699 1717 747 1776 est
768 1710 850 1776 ratio
876 1710 1060 1777 universalis
1075 1711 1143 1777 sine
1159 1735 1275 1801 repug-

174 1807 283 1874 nantia
299 1809 467 1875 contrariae
480 1807 620 1885 rationis,
638 1799 759 1875 ¹tamen
782 1807 912 1874 cessatio
935 1809 1075 1886 rationis,
1093 1809 1187 1875 etiam
1204 1832 1275 1896 quae

175 1906 371 1994 particularis
394 1917 452 1987 est,
477 1907 569 1974 efficit
594 1915 630 1974 ut
654 1906 706 1972 lex
730 1906 850 1972 saudim
874 1916 908 1973 et
932 1907 1052 1972 minore
1075 1930 1145 1974 cum
1162 1909 1275 1974 damno

174 2005 369 2072 auctoritatis
392 2007 472 2072 solvi
491 2005 597 2093 possit.
649 2006 688 2070 Id
712 2013 819 2071 autem
843 2004 976 2072 mammo
1000 2005 1163 2072 usuvenit
1182 2006 1216 2073 in
1238 2007 1275 2074 iis

176 2102 297 2170 delictis
312 2125 384 2192 quae
399 2126 457 2192 per
478 2103 698 2193 ignorantiam,
716 2103 856 2190 quamvis
881 2103 972 2190 culpa
988 2103 1071 2168 omni
1088 2126 1151 2169 non
1167 2127 1277 2170 caren-

176 2209 250 2278 tem,
267 2210 324 2269 aut
339 2224 398 2290 per
413 2203 508 2268 animi
528 2201 739 2270 infirmitatem
762 2202 968 2288 superabilem
985 2201 1109 2287 quidem
1126 2203 1182 2268 sed
1199 2203 1277 2268 diffi-

176 2301 275 2367 culter
291 2301 510 2389 superabilem,
526 2301 781 2368 committunturr
806 2301 847 2366 ad
873 2322 943 2387 quar
967 2299 1163 2367 Christianus
1179 2301 1279 2368 horni-

176 2495 296 2554 pugffl,
311 2495 364 2542 228.
392 2493 442 2541 Ed.
461 2493 583 2540 Harduia.
612 2493 699 2551 Locus,
750 2491 817 2554 Opp.
829 2493 894 2551 ling.
924 2491 1143 2552 EdBeaedictira]

176 2570 218 2629 qni
235 2573 357 2630 tamqnam
377 2583 407 2616 ex
426 2569 565 2629 Augustino
585 2569 700 2625 adierim,
779 2568 801 2624 2¹
819 2569 906 2615 Tam
915 2567 1133 2624 maceratione,
1146 2567 1277 2627 etiaraquae

176 2655 224 2690 uon
235 2649 272 2691 eat
280 2645 345 2691 illius
354 2644 444 2701 Patris,
459 2656 603 2703 quemqnam
613 2641 701 2688 millies
745 2643 908 2704 particular-ia
916 2646 957 2700 est,
972 2643 1044 2705 ffrit
1053 2647 1079 2688 ιιι
1091 2643 1129 2689 lea
1137 2641 1243 2701 facilius
1254 2645 1278 2688 et

176 2721 221 2766 snb
235 2720 309 2779 ipsius
318 2719 415 2765 nomine
424 2718 542 2774 lanatus,
557 2715 701 2763 atsmnltis
749 2717 839 2764 minore
858 2730 910 2762 cura
936 2715 1022 2762 ἀοιιιιιο
1043 2716 1195 2763 αιοιονιιοιίι
1216 2715 1277 2764 sotei

177 2794 337 2852 Ancton'bns3
359 2793 401 2840 sed
418 2793 481 2839 illins
497 2791 539 2852 qni
558 2791 701 2852 ροωιιίοιιιι
746 2788 837 2852 pouit]
854 2789 935 2836 Multa
949 2789 980 2834 sd
994 2789 1057 2836 hano
1070 2803 1121 2836 ram
1134 2789 1204 2835 utilia
1217 2803 1275 2836 con·

182 2869 229 2917 Vct.
247 2875 269 2916 at
282 2869 316 2917 N.
336 2870 474 2916 Testamenti
489 2867 592 2928 scripsit,
607 2867 700 2922 Quaest.
750 2865 827 2927 gessit
838 2863 967 2911 Gratianus
977 2876 1049 2910 causa
1059 2875 1077 2911 ι.
1088 2863 1251 2924 questionei.

178 2945 219 2993 Da
237 2943 301 2992 Fato
324 2944 376 2992 115.
414 2942 549 3004 Appendic.
573 2943 643 2991 Tom.
660 2953 701 2987 ιιι.

176 3195 251 3251 aiter
274 3193 325 3251 the
349 3195 410 3260 law,
434 3192 505 3250 than
527 3209 601 3249 wore
621 3189 761 3264 regarded
787 3188 887 3245 before
912 3185 963 3242 tha
983 3185 1053 3252 lawr
1079 3183 1200 3241 because
1227 3181 1279 3240 the

177 3281 322 3353 authority
338 3281 372 3336 ot
386 3280 436 3335 the
453 3281 516 3344 law,
532 3279 623 3334 which
644 3279 668 3333 it
689 3279 713 3332 is
730 3276 885 3348 important
903 3279 933 3328 ιο
959 3287 1099 3344 preserve,
1122 3270 1175 3326 has
1203 3269 1278 3326 been

178 3365 272 3420 added
285 3372 316 3421 ιο
330 3366 380 3422 the
395 3365 477 3420 other
491 3381 588 3420 causes
602 3363 636 3419 oi
646 3361 837 3436 punishment.

239 3451 335 3506 XXV.
380 3450 441 3506 The
459 3465 555 3506 causes
573 3449 606 3504 of
620 3449 770 3518 liberating
786 3463 843 3518 any
858 3459 912 3501 one
935 3442 1009 3498 from
1026 3441 1075 3497 the
1096 3441 1278 3512 punishment

178 3535 214 3590 ef
224 3535 274 3591 the
287 3536 348 3602 law,
367 3551 416 3591 are
436 3535 595 3606 commonly
615 3533 706 3590 either
725 3532 853 3586 intrinsic
874 3546 908 3584 or
926 3527 1076 3583 extrinsio:
1095 3543 1133 3580 an
1151 3527 1280 3580 intrinsic

179 3622 299 3676 caussis
312 3621 394 3677 when
408 3619 457 3675 the
469 3620 659 3693 punishment,
674 3615 783 3688 though
796 3621 848 3672 not
861 3615 965 3684 unjnst,
977 3613 1001 3666 is
1015 3627 1112 3667 serere
1126 3611 1278 3683 compared

177 3706 245 3761 with
259 3706 309 3762 the
320 3707 388 3762 fact.

235 3793 344 3848 XXVL
382 3792 428 3846 An
448 3791 580 3848 extrinsic
600 3805 685 3844 cause
702 3787 736 3842 oi
749 3785 896 3842 remissiori
918 3781 953 3838 oi
969 3779 1152 3856 punishment
1173 3781 1197 3836 is
1214 3779 1278 3836 that

178 3875 269 3931 which
296 3879 382 3934 arises
410 3877 486 3932 frons
515 3890 592 3931 some
618 3874 703 3929 merit
729 3889 762 3927 or
790 3871 873 3925 other
898 3869 980 3939 thing
1006 3867 1203 3937 commending
1228 3867 1278 3922 the

178 3961 346 4017 effenderto
360 3979 472 4034 merey3
494 3977 528 4016 or
550 3961 625 4014 from
645 3976 664 4013 a
681 3963 762 4029 great
780 3956 855 4027 hope
871 3955 904 4011 of
921 3954 981 4008 him
1003 3955 1033 4008 in
1051 3953 1166 4017 future3
1187 3951 1279 4006 which

178 4044 248 4098 kind
262 4045 297 4099 oi
307 4063 389 4101 cause
403 4047 460 4100 will
474 4045 543 4101 then
558 4045 596 4100 be
613 4044 647 4099 of
657 4050 731 4098 most
745 4043 826 4106 arad,
838 4042 864 4094 ir
879 4039 929 4096 the
945 4054 1046 4094 remon
1060 4039 1093 4093 of
1103 4038 1153 4094 the
1171 4037 1233 4102 law,
1247 4044 1279 4091 at

179 4129 252 4184 least
265 4130 294 4182 in
309 4148 327 4186 a
345 4131 499 4202 particular
517 4131 607 4202 point,
622 4145 717 4184 cesses
736 4143 767 4182 aa
790 4133 820 4181 to
839 4125 888 4181 the
908 4125 968 4178 fact
986 4125 1015 4178 in
1037 4123 1176 4194 question.
1220 4123 1279 4175 For

179 4213 316 4286 although
325 4220 355 4269 to
364 4216 470 4271 sustain
482 4214 531 4270 the
544 4216 655 4286 efficacy
667 4213 701 4268 of
709 4213 758 4268 the
768 4212 829 4276 law,
838 4210 887 4265 the
899 4207 1039 4264 universal
1051 4222 1152 4262 reason
1160 4205 1277 4266 suffioes,

179 4298 261 4355 thare
276 4300 361 4370 being
375 4316 413 4355 ne
428 4305 586 4372 repugnant
600 4305 732 4370 contrary
746 4312 864 4360 reason;
890 4300 939 4366 yet
961 4293 1011 4348 tha
1033 4291 1170 4347 cessation
1185 4289 1218 4342 oi
1228 4287 1279 4342 the

178 4401 280 4440 reason
294 4385 397 4441 iortha
407 4385 561 4457 particular
570 4384 747 4449 oase‚effeots
755 4381 818 4437 that
832 4380 882 4435 the
892 4380 945 4433 law
959 4394 1026 4449 may
1039 4376 1076 4431 be
1090 4389 1169 4429 more
1183 4373 1279 4443 easily,

178 4471 236 4528 and
247 4471 314 4529 with
327 4472 383 4528 less
398 4471 455 4527 loss
467 4470 500 4528 of
510 4469 663 4542 authority,
674 4466 820 4525 loosaned.
856 4463 921 4520 And
933 4463 990 4519 this
1007 4461 1134 4534 happens
1154 4461 1229 4512 most
1249 4457 1280 4512 in

279 4623 399 4714 [eaor.
414 4625 466 4716 m]
1137 4565 1179 4630 19
