3188 5128
352 325 416 388 400
715 333 767 389 nn
790 331 926 390 CAUSIS
947 328 1090 388 DUBIIS.
1328 321 1405 398 [hm.
1419 327 1461 384 ll.

351 495 536 585 tissimieqne
557 495 697 564 nitentur
718 497 904 564 asenneus.
945 494 999 560 Sic
1014 489 1149 559 Romeni
1171 499 1292 559 veteres
1308 514 1373 558 non
1396 492 1459 559 nisi

352 597 490 662 consulto
509 595 638 687 collegio
660 596 813 662 fecialium
833 595 875 662 ed
897 595 930 660 id
947 593 1098 669 instituto,
1120 591 1331 678 Imperatores
1349 592 1459 658 Chris·

352 695 431 762 tieni
447 695 501 762 rix
523 696 582 762 nisi
602 695 716 762 auditis
737 695 897 783 episcopis,
921 691 1004 759 belle
1023 690 1239 778 suscipiebant,
1262 698 1308 769 ut,
1331 691 1458 778 siquid

352 803 444 872 esset,
462 795 546 882 quod
562 793 744 884 religionem
760 803 865 882 posset
880 792 1016 880 injicere,
1034 789 1101 878 ejus
1117 798 1327 857 monerentur.

427 896 467 962 V.
511 896 531 960 1
566 893 717 960 Accidere
736 902 841 959 eutem
860 892 893 958 in
915 888 1019 956 multis
1038 889 1257 955 controversiis
1281 896 1393 977 potest,
1417 898 1457 958 nt

352 993 393 1060 eb
410 1001 544 1081 utreque
566 1001 657 1080 perte
677 991 899 1080 probabiliore
920 989 1087 1056 ostendent
1106 996 1301 1076 arguments,
1323 987 1390 1054 sive
1407 989 1457 1055 in-

351 1092 495 1170 trinsece,
517 1091 583 1159 sire
607 1092 648 1158 eb
668 1091 799 1158 eliorum
820 1089 1014 1156 anctoritate.
1059 1087 1099 1154 Id
1117 1109 1187 1153 cum
1209 1087 1330 1166 oceidit,
1352 1088 1379 1152 si
1401 1110 1457 1155 res

351 1192 522 1258 medioeres
545 1199 627 1268 eunt,
652 1191 693 1257 de
717 1190 829 1277 quibus
853 1188 968 1278 egitur,
990 1187 1116 1254 ridetur
1140 1185 1216 1252 vitio
1237 1207 1344 1253 cerere
1364 1209 1457 1274 posse

352 1290 470 1370 electio,
496 1289 529 1356 in
557 1288 709 1356 utrumvis
733 1297 856 1376 portem
884 1286 1046 1353 occideret
1093 1286 1147 1363 At,
1172 1284 1200 1350 si
1221 1285 1262 1350 de
1287 1307 1323 1352 re
1346 1287 1457 1374 megni

350 1389 508 1466 momenti,
528 1397 564 1454 ut
580 1388 620 1453 de
639 1386 788 1476 supplicio
805 1385 930 1475 capitoli
945 1383 1085 1461 hominis,
1106 1383 1223 1473 egitur,
1240 1384 1307 1470 jem
1323 1396 1458 1473 propter

351 1509 498 1576 magnum
521 1486 694 1564 discrimen,
716 1485 801 1574 quod
817 1495 865 1553 est
889 1485 972 1552 inter
993 1483 1146 1574 eligendo,
1167 1483 1385 1571 gproferende
1403 1494 1457 1554 eet

350 1584 861 1674 mmmffimn

186 1705 270 1800 {iffi
281 1751 330 1790 Μ
383 1699 385 1704 ’
589 1706 623 1761 In
636 1705 720 1762 istem
734 1711 845 1777 pentem
858 1705 952 1777 potins
966 1710 1083 1776 peeeeto
1097 1711 1203 1760 tamen,

187 1798 218 1836 ²⁰·
350 1805 427 1872 Ideo
456 1804 553 1871 setius
582 1812 630 1871 est
654 1813 815 1870 nocentem
840 1803 1012 1880 absolvere,
1040 1824 1133 1890 quem
1160 1802 1353 1868 innocentem
1380 1825 1457 1868 con-

350 1905 506 1972 domuere.

188 2013 309 2062 fflem
416 2008 437 2070 2
473 2002 613 2092 Scriptor
625 2002 851 2091 problematum
865 2023 936 2089 ques
951 1999 1126 2067 Aristotelis
1138 2021 1251 2066 nomen
1262 1999 1454 2088 proeiernnt:

349 2099 491 2174 ἕκαστος
508 2099 595 2186 ἡμῶν
610 2107 739 2204 μᾲλλον
755 2096 798 2172 ἂν
819 2096 1000 2194 προέλοιτο
1023 2103 1085 2170 τοῦ
1102 2093 1289 2174 ἀδικοῦντος
1310 2097 1451 2193 drodin-

349 2205 516 2298 φισασθοι
534 2198 573 2275 οἷς
586 2199 642 2272 ονίι
655 2193 765 2279 ἀδικεῖ,
779 2195 799 2284 ἢ
816 2205 878 2269 τοῦ
891 2195 936 2282 μὴ
947 2191 1127 2270 ἀδικοῦντος
1143 2201 1453 2293 καταψηφῖσασθαι

348 2299 391 2372 οἷς
411 2299 467 2372 οὑκ
486 2294 587 2370 ἀδικεῖ
609 2301 733 2388 (quibus
752 2301 784 2365 in
808 2300 911 2368 verbis
934 2299 1028 2388 uulgo
1048 2320 1106 2385 pro
1127 2291 1311 2371 ἀδικοῦντος
1334 2298 1453 2386 legitur

347 2397 391 2484 μή
407 2393 602 2476 ἀδικοῦντος,
621 2409 654 2465 οι
669 2399 791 2482 contre)
809 2423 898 2466 nemo
920 2411 966 2465 cst
982 2411 1135 2475 nostrum,
1153 2397 1208 2474 eit,
1227 2399 1364 2484 quinon
1380 2419 1454 2463 ma-

349 2502 389 2565 lit
406 2500 568 2564 absoluere
587 2501 736 2584 quamvis
752 2511 921 2573 nocentem,
946 2520 1043 2584 qnam
1061 2499 1223 2564 damnare
1243 2498 1452 2564 innocentem.

347 2596 393 2664 Et
408 2618 481 2662 mox
496 2596 586 2662 eddit
604 2595 767 2674 rationem,
790 2618 884 2684 quem
897 2594 963 2686 jem
986 2595 1147 2662 dedimus:
1174 2589 1252 2664 ἔστι
1268 2592 1347 2688 γὰρ,
1366 2592 1454 2664 ὅταν

392 2775 576 2837 tProefmudc
590 2777 696 2834 estpars
709 2769 795 2833 neor]
811 2769 873 2819 hm·
969 2771 981 2806 Ι·
998 2770 1160 2832 emtam
1169 2769 1454 2832 expeririqneumr's]

345 2853 439 2898 minnns
459 2851 613 2897 Marcellinus
632 2849 694 2894 libro
713 2859 812 2894 xxvru.
843 2845 873 2894 Si
924 2847 1053 2908 Dionysius
1066 2847 1282 2894 Ileilcsrncsscneis
1293 2847 1318 2892 in
1331 2848 1455 2907 exem-ptis

346 2927 509 2988 implacabiles
521 2924 650 2972 iracundie
664 2928 826 2980 tantm
839 2927 874 2969 ert
922 2923 1085 2983 legationum:
1109 2921 1144 2982 psi
1162 2922 1289 2983 πρότερον
1305 2921 1381 2984 ἄρξαι
1398 2925 1455 2971 τᾶν

347 3001 483 3048 architas:
500 2999 537 3046 tin
547 3005 624 3046 αιιιοιιι
632 2998 773 3054 conditos,
782 3009 872 3042 tum
924 2996 1005 3058 ἔργον
1019 2997 1080 3058 πρὶν
1094 2996 1110 3053 'l
1127 2997 1276 3055 πειραθῆναι
1288 3000 1341 3043 τῶν
1354 2997 1455 3058 λόγων·

345 3077 449 3124 teritur:
464 3090 518 3136 quc
531 3071 872 3130 tamqutinmalimcertr'·
923 3072 1454 3132 memrteedreeoeniesdunrestqunntm.

346 3153 392 3199 toti
401 3151 562 3211 anteponenda
572 3154 612 3195 cst.
631 3147 703 3208 [Cep.
714 3149 729 3195 i.
741 3163 765 3208 p·
776 3147 829 3195 562.
842 3162 872 3194 ex
923 3151 976 3194 teto
985 3147 1016 3193 rit
1024 3147 1145 3194 vertor-m
1154 3147 1204 3194 oia.
1230 3145 1303 3206 (Peg.
1314 3149 1365 3194 tot
1380 3147 1452 3195 Edit.

348 3227 464 3273 Cicerone
473 3225 508 3270 ad
520 3223 550 3283 Q.
559 3223 679 3279 muron,
691 3222 768 3281 Epist
779 3221 810 3281 u]
836 3220 872 3268 Et
926 3219 1016 3281 Oeen.)
1030 3221 1155 3268 Menelaus
1161 3221 1370 3280 spndLiheninm:
1381 3226 1455 3282 τρῶ-

345 3299 393 3344 Ιιοο
406 3297 511 3356 explicet
524 3297 635 3356 Vetqnez
651 3295 716 3342 dicto
728 3295 798 3353 libro,
812 3309 834 3343 c.
846 3297 871 3345 4.
922 3312 969 3342 τον
983 3294 1028 3354 μιν
1042 3293 1093 3355 γᾰρ
1108 3294 1144 3341 τά
1155 3295 1239 3341 dixero
1251 3297 1289 3355 τῷ
1306 3295 1377 3356 λόγῳ
1391 3314 1452 3344 τες·

345 3381 413 3420 nnm.
423 3371 462 3426 21.
921 3367 1015 3428 ρᾶσθοι
1025 3369 1172 3429 λαμβάνειν,
1181 3367 1250 3416 ἄλλο’
1255 3367 1290 3430 pri
1295 3369 1454 3420 τοῐςὸτλοις

346 3615 428 3676 there
441 3633 515 3673 were
532 3633 587 3689 eny
598 3617 782 3690 impediment
792 3613 884 3671 which
902 3615 1021 3689 religion
1034 3615 1204 3690 interposed,
1218 3613 1287 3689 they
1300 3615 1391 3688 might
1411 3617 1452 3674 he

347 3703 460 3760 nerned
471 3703 591 3759 thereos.

398 3789 434 3843 V.
473 3794 488 3842 1
511 3789 539 3842 It
553 3805 617 3861 moy
629 3787 749 3859 hoppen,
766 3789 796 3842 in
814 3805 900 3862 meny
911 3789 1121 3854 controversiee,
1136 3785 1199 3844 thet
1212 3787 1348 3859 probehle
1362 3803 1451 3860 ergu-

345 3879 439 3928 ments
459 3889 508 3927 ere
529 3873 658 3928 adduced
679 3890 717 3928 en
734 3873 805 3928 both
821 3875 904 3939 sides,
922 3874 1014 3929 either
1027 3875 1153 3930 intrinsic
1169 3881 1199 3929 to
1214 3873 1263 3929 the
1277 3874 1395 3944 subject,
1413 3891 1450 3928 or

346 3957 461 4014 derived
470 3957 543 4012 from
555 3955 606 4012 the
616 3956 760 4030 authority
769 3959 802 4014 oi
811 3960 915 4017 others.
936 3961 1027 4015 When
1039 3959 1101 4014 thet
1109 3960 1245 4031 heppens,
1256 3959 1281 4012 it
1290 3959 1339 4014 the
1351 3959 1449 4030 things

345 4045 376 4100 in
391 4043 520 4116 question
535 4059 584 4098 ere
596 4043 629 4098 ef
640 4043 785 4100 moderate
799 4045 982 4118 importenoe,
994 4046 1043 4101 the
1057 4044 1163 4110 choico,
1177 4046 1200 4100 it
1214 4045 1307 4100 would
1321 4061 1409 4110 seem,
1423 4047 1449 4101 is

344 4131 407 4186 free
426 4129 499 4184 from
513 4129 615 4194 bieme,
633 4145 671 4184 on
684 4129 842 4187 whicherer
855 4132 915 4187 side
929 4132 952 4186 it
966 4131 1038 4186 tells.
1075 4131 1133 4186 But
1146 4131 1172 4184 if
1182 4130 1264 4186 there
1278 4131 1301 4185 is
1316 4132 1450 4202 question

345 4217 381 4272 oi
395 4233 413 4271 s
426 4221 531 4271 mutter
547 4215 581 4271 of
598 4222 678 4287 greet
696 4223 877 4280 momentus
895 4217 928 4272 of
947 4233 965 4270 e
983 4216 1087 4288 capitol
1099 4216 1289 4288 punishment,
1310 4215 1388 4280 then,
1409 4234 1450 4272 en

345 4308 466 4358 ecceunt
480 4303 513 4357 ef
524 4300 573 4358 the
586 4307 667 4372 great
681 4301 832 4356 differente
846 4303 973 4358 between
992 4301 1041 4358 the
1059 4309 1114 4358 two
1129 4302 1202 4357 sides
1221 4301 1254 4357 ei
1272 4301 1321 4356 the
1339 4301 1449 4368 choico,

345 4388 395 4444 the
407 4389 482 4443 sefer
495 4393 560 4459 pert
574 4387 597 4441 is
612 4393 642 4442 to
654 4387 690 4440 he
701 4385 855 4457 preferred.
895 4387 960 4444 Itis
974 4387 1069 4445 better
1082 4393 1113 4444 to
1127 4388 1223 4461 aequit
1236 4404 1255 4443 e
1268 4387 1360 4462 guilty
1378 4405 1449 4444 men

346 4473 415 4530 then
428 4481 458 4530 ιο
470 4473 609 4529 condemn
621 4489 658 4527 en
669 4472 811 4528 innocent.
