3298 5128
186 321 255 378 Cer.
268 319 351 391 XX.]
628 323 680 378 DE
703 323 841 382 POENIS.
1228 316 1292 382 257

189 489 429 574 Demosthenes,
454 489 593 558 oratione
609 492 758 560 adversus
777 492 1011 570 Aristocratem,
1038 513 1228 558 communem
1245 494 1290 562 ait
1302 511 1424 562 omme.

186 612 253 658 esse
270 591 372 680 legem
394 591 477 658 inter
493 591 642 670 homines,
668 602 705 660 ut
726 614 797 659 eum
814 592 869 679 qui
891 601 1000 658 nostro
1016 591 1048 659 vi
1063 592 1167 680 rapiet
1186 592 1290 660 ulcisci

186 691 275 756 nobis
299 691 348 756 ses
375 689 423 758 sit
475 692 520 757 Et
549 691 713 780 Jugurtho
736 692 821 779 opud
852 690 1040 770 Sallustium,
1064 713 1133 757 oum
1162 691 1411 764 dixissetsenrm.

187 790 398 857 Adherbalem
416 791 491 857 vitae
512 812 576 856 sues
596 813 663 856 esse
679 791 866 868 insidiatum,
893 791 992 869 sddit,
1010 791 1157 879 populum
1174 770 1318 859 Romo-
1299 762 1355 800 ⁹²

188 912 261 954 num
286 913 385 974 neque
399 913 465 977 pro
492 892 571 956 botro
592 913 694 977 neque
714 913 779 978 pro
798 905 884 958 recto
899 895 1074 977 foetorum
1096 893 1127 956 εἰ
1151 893 1234 956 ab
1211 916 1288 977 jure

187 992 332 1074 qerrtiom
350 1012 384 1056 ee
395 991 625 1077 protiboeis:
650 990 683 1056 id
706 999 755 1056 est
770 991 811 1057 sb
834 991 959 1058 ultione.
1011 990 1165 1058 Aristides
1181 1000 1289 1059 orator

188 1096 222 1154 et
236 1109 257 1154 e
273 1087 597 1177 postestatem
613 1089 800 1167 auctoribus,
827 1097 860 1157 et
876 1113 896 1156 o
910 1090 1094 1176 proverbiis,
1111 1099 1144 1158 et
1161 1092 1202 1158 ob
1219 1114 1289 1158 oro-

188 1186 317 1264 toribus,
338 1194 372 1254 et
392 1187 533 1254 omnibus
556 1187 690 1274 deniquo
714 1189 773 1254 hoe
795 1189 841 1256 ait
858 1189 986 1276 probari
1008 1185 1187 1270 ἀμύνεσθαι
1212 1189 1288 1264 τούς
1302 1210 1409 1256 Mero

190 1281 408 1404 ὑπάρξαντας,
430 1289 586 1354 ultionem
604 1290 691 1354 sumi
711 1291 751 1354 do
771 1290 824 1355 hie
848 1292 906 1376 qui
926 1291 1086 1373 injuriam
1098 1293 1215 1376 faeere
1231 1315 1336 1388 ‹ry-w
1317 1257 1388 1385 1111Ξῖ
1387 1265 1432 1350 [Rp

187 1389 292 1471 qressi
308 1399 392 1456 suot.
444 1387 636 1454 Maccabeos
652 1387 761 1454 laudet
777 1387 985 1466 'Ambrosius
1003 1389 1088 1475 quod
1109 1389 1203 1456 etism
1219 1391 1288 1456 sob-
1276 1415 1439 1464 -nsorso

190 1487 264 1551 boto
289 1484 365 1552 'ulti
390 1493 462 1553 sunt
489 1485 697 1552 innocentium
724 1509 831 1553 neoem
856 1487 990 1553 fratrum
1014 1509 1148 1555 suorum.
1200 1489 1288 1555 Idem

190 1584 340 1651 advorsus
369 1584 533 1651 Jodoeos
524 1607 680 1652 meensom
708 1608 729 1653 e
756 1585 939 1652 Christianis
966 1587 1124 1653 hesilioom
1148 1589 1290 1677 graviter

190 1693 356 1770 querentes
369 1684 580 1772 disputares
557 1707 600 1750 sm
612 1684 675 1752 ert
695 1687 747 1752 Ao
761 1699 844 1753 certe
859 1688 891 1752 si
899 1689 980 1770 jure
992 1689 1137 1805 gendum
1152 1711 1288 1773 aym,
1302 1702 1407 1788 'dg-{⁹-

190 1787 329 1850 dieerom
354 1796 496 1872 qrraotos
520 1786 677 1852 basilicos
701 1787 814 1851 Judoei
839 1797 976 1871 tempore
1001 1789 1134 1872 imperii
1157 1739 1322 1854 Julianl'*

190 1885 414 1951 incenderint:
439 1875 544 1949 nbib
530 1905 583 1969 Jus
603 1883 742 1972 gentium
766 1891 858 1950 voest
877 1904 935 1971 per
952 1885 1022 1970 pori
1042 1885 1172 1952 referre
1223 1888 1291 1952 Nee

189 1981 282 2049 ahter
305 1984 389 2071 opud
405 1982 547 2048 Teoitom
570 1982 695 2049 Civilis:
717 1986 879 2070 eqroyium
895 1985 1042 2070 pretium
1067 1985 1191 2050 laboris
1210 1989 1289 2075 cepi,
1304 2003 1434 2045 norim

190 2104 297 2148 moero
302 2085 440 2168 fratris,
467 2095 498 2148 et
512 2084 645 2149 vineola
660 2105 741 2160 mea,
767 2094 797 2148 et
811 2083 1007 2149 saeor'esimae
1023 2084 1118 2167 liujus
1135 2087 1292 2152 meriste

191 2203 291 2262 voees,
322 2183 438 2268 quibus
462 2183 509 2248 ad
534 2183 734 2269 supplicium
754 2184 880 2270 petitos
898 2182 976 2266 jore
1002 2185 1148 2268 qentium
1175 2206 1292 2270 pernae

190 2303 328 2367 reposco.

264 2382 288 2444 4
322 2380 385 2447 Sed
402 2378 476 2466 quio
492 2379 524 2445 in
541 2379 634 2446 rebus
651 2379 765 2446 nostris
781 2387 814 2448 et
830 2388 1007 2448 nostrorum
1026 2380 1140 2449 edoctu
1155 2401 1293 2449 corrum-

192 2479 303 2566 pimur,
317 2478 388 2546 ideo
405 2479 496 2546 simul
518 2479 623 2545 multm
638 2479 764 2546 familie
784 2479 816 2544 in
832 2503 928 2546 unum
952 2480 1053 2546 loonm
1070 2489 1291 2560 convenerunt,

188 2578 308 2664 judiees
331 2577 500 2657 constituti,
522 2578 620 2644 ethis
644 2579 717 2646 solis
741 2579 817 2647 dote
834 2588 971 2667 potestas
990 2578 1168 2648 vindicandi
1192 2580 1291 2660 laesos,

235 2757 247 2783 1
260 2747 408 2810 Amtrorinr]
423 2747 534 2795 &odem
543 2747 597 2796 vids
608 2747 716 2796 eredens
767 2753 851 2796 morte.

193 2826 278 2868 eontrs
286 2823 460 2883 Symmsehum.
813 2819 1292 2883 '’Jusqesriiumoocatporparirrsrm]

238 2903 250 2930 ⁸
267 2896 320 2944 Uiri
333 2901 386 2944 runt
401 2898 554 2945 &nomadum
570 2911 647 2946 nerem
655 2897 716 2958 fro·
768 2898 808 2946 Sir
818 2902 843 2944 et
853 2898 937 2944 Livius
945 2897 1007 2944 libro
1015 2911 1032 2944 1.
1041 2911 1093 2944 rum
1103 2897 1294 2953 Laurentorjore

194 2975 257 3017 irum
268 2972 373 3034 sumn]
389 2973 451 3020 vids
465 2973 597 3033 Josephum
608 2974 718 3034 Antiqua
767 2973 869 3034 orontium
879 2977 982 3032 aderent,
998 2971 1033 3032 (o.
1044 2971 1097 3030 14.)

195 3047 307 3096 Historia
319 3061 379 3095 1111.
390 3051 413 3096 1.
430 3049 460 3095 de
470 3048 591 3095 vindieiis
601 3047 718 3096 iohannis

194 3297 255 3354 said
267 3296 364 3370 (Judg.
380 3315 424 3354 xv.
442 3297 481 3366 3),
492 3299 562 3353 Now
580 3299 651 3353 stati
671 3297 693 3351 I
712 3297 740 3353 hs
757 3316 830 3352 more
847 3297 979 3353 theoto
999 3297 1065 3351 thoro
1083 3297 1123 3351 tho
1140 3295 1295 3352 Philistinae

196 3385 293 3454 thobel
317 3383 339 3437 I
356 3385 390 3439 do
416 3385 484 3440 them
505 3403 525 3438 α
544 3385 715 3456 disploorore,
738 3383 813 3438 efter
835 3383 903 3455 they
924 3383 981 3438 hod
1004 3381 1115 3453 injured
1132 3382 1208 3447 him;
1237 3383 1294 3436 end

195 3470 287 3540 egeln,
301 3485 328 3524 r.
345 3475 387 3534 11,
400 3468 441 3524 Ae
455 3471 513 3542 they
527 3471 576 3524 did
595 3479 660 3525 oete
673 3487 715 3524 me
728 3487 757 3524 ro
772 3471 837 3524 boos
852 3468 874 3522 I
889 3470 957 3524 dorse
978 3477 1044 3522 ursio
1061 3469 1139 3523 them.
1185 3469 1224 3522 So
1244 3466 1294 3522 the

196 3555 335 3610 Plstsesns
356 3555 385 3608 in
397 3554 575 3627 Thucydides
593 3555 662 3610 said.
707 3553 747 3610 So
761 3553 966 3609 Demosthenes
977 3554 1087 3625 against
1097 3553 1292 3608 Aristoomtos.

174 3657 185 3668 ¹
196 3641 236 3695 So
249 3639 392 3712 iugurtha
405 3641 435 3694 in
447 3640 554 3695 Sellust
565 3641 675 3712 against
689 3639 840 3695 Adherbal.
865 3639 1001 3695 Aristides
1015 3638 1065 3694 the
1079 3644 1176 3694 orstor
1193 3654 1293 3711 proves

195 3725 270 3781 from
283 3726 334 3781 the
345 3731 435 3798 posis,
451 3726 616 3797 legislatore,
633 3731 751 3790 oratore,
770 3725 828 3779 end
843 3724 918 3780 from
938 3724 1080 3796 proverbe,
1101 3722 1151 3778 the
1170 3723 1247 3794 right
1264 3723 1299 3779 of

196 3811 292 3882 taking
311 3828 433 3883 roronge
451 3828 489 3867 on
503 3811 584 3867 those
598 3810 660 3866 who
683 3809 787 3866 ettsolr.
832 3809 969 3864 Ambroso
990 3809 1095 3881 preises
1112 3807 1162 3864 the
1183 3809 1294 3865 Maeee-

195 3895 272 3962 bees,
286 3896 356 3963 who,
370 3914 442 3953 eren
450 3914 488 3952 on
502 3896 552 3952 the
565 3895 761 3969 sabbath-day,
776 3896 902 3967 erenged
914 3894 963 3950 tho
978 3894 1064 3951 death
1081 3895 1114 3949 oi
1124 3894 1199 3950 their
1212 3897 1295 3950 inno·

197 3987 263 4036 cent
273 3980 417 4038 brethren.
446 3982 511 4037 And
523 3982 560 4038 he
571 3989 628 4048 too,
640 3983 759 4054 erguing
770 3983 880 4053 sgsinst
890 3981 940 4037 the
954 3983 973 4036 J
974 3998 1027 4037 evm
1040 3981 1103 4036 who
1117 3980 1295 4052 eomplsined

197 4065 231 4121 of
241 4065 316 4122 their
328 4084 488 4140 synogogue
499 4084 530 4123 ss
544 4067 647 4138 having
666 4067 740 4124 been
754 4068 840 4122 buret
851 4066 889 4139 by
904 4066 954 4124 the
968 4067 1130 4132 OhrIstisns,
1144 4083 1217 4139 ssys,
1231 4065 1299 4137 lfI

197 4161 266 4208 ment
283 4171 357 4224 opor
376 4155 417 4209 the
430 4153 485 4209 lew
499 4156 536 4225 <ff
546 4155 661 4220 madores,
672 4153 694 4207 I
703 4155 799 4209 should
814 4171 863 4224 say
878 4155 936 4208 how
950 4171 1035 4225 morey
1050 4153 1189 4209 christion
1206 4153 1296 4206 torem

196 4240 234 4309 os
244 4239 360 4312 worship
380 4241 422 4295 tie
440 4241 511 4295 Jews
531 4241 612 4295 tumr
633 4249 664 4294 ot
687 4241 727 4294 thr
747 4240 809 4294 rime
828 4239 864 4309 os
879 4239 993 4293 Julian:
1014 4238 1107 4294 where
1127 4234 1177 4291 the
1194 4236 1247 4290 lew
1266 4233 1299 4289 of

196 4325 307 4381 notione
326 4331 357 4380 to
375 4324 467 4383 whioh
492 4326 529 4382 he
547 4325 636 4380 refers
656 4326 688 4392 is,
706 4325 853 4396 returning
872 4323 929 4380 like
944 4325 990 4379 sor
1004 4323 1069 4379 like.
1108 4323 1148 4376 So
1160 4320 1254 4376 Civilis
1266 4319 1297 4376 in

196 4409 318 4466 Teoitus.

255 4501 273 4549 4
297 4497 356 4551 But
368 4495 489 4553 become
502 4497 531 4552 in
544 4495 637 4568 things
649 4494 739 4552 which
751 4511 871 4551 eoneom
882 4511 915 4549 us
926 4494 983 4549 end
995 4508 1069 4558 ours,
1083 4507 1124 4546 wo
1136 4507 1185 4546 ore
1196 4487 1298 4546 misled

1154 4589 1195 4660 17

300 4643 419 4731 [onor.
435 4643 486 4731 in]
