3282 5136
176 367 339 438 saxu]
386 357 678 428 personemus
701 371 749 428 sc
772 373 1068 432 eronmoumus.
1218 363 1277 428 ιιι

177 529 224 600 thi
245 527 472 607 observatione,
497 528 649 617 permissa
672 530 739 598 sola
760 530 808 598 sui
827 531 935 610 tutela,
956 555 1020 598 non
1041 531 1102 598 alio
1120 552 1279 597 armorum

176 651 244 706 usu,
269 635 413 716 appsret.
459 629 502 694 Iit
527 627 561 694 hi
586 639 690 695 temen
713 652 783 696 cum
809 631 1050 718 Lacedaemopiis
1070 639 1104 696 et
1128 630 1280 696 Romanis

175 728 277 796 fedus
298 727 457 816 pepigere,
481 727 727 814 approbantibus
751 729 964 796 sacerdotibus
987 709 1021 796 et
1052 729 1189 817 populo;
1216 729 1277 795 imo
1291 753 1377 792 ruas.
1385 751 1429 792 ιιι

175 849 234 916 pro
260 848 367 893 eorum
391 825 490 892 solute
509 847 599 892 sacro
621 826 743 913 publice
764 829 915 896 iecerunt
969 829 1048 908 Quae
1071 850 1146 895 vero
1169 807 1302 895 contra
1289 798 1356 838 ‘ml

176 927 371 1002 adferuntur,
387 946 497 992 causas
513 925 631 992 habent
646 925 827 1013 peculiares.

252 1025 274 1096 7
307 1023 431 1091 Nam
406 1047 434 1090 sr
453 1045 531 1110 quos
546 1045 639 1113 reges
659 1034 715 1093 aut
735 1026 875 1114 populos,
899 1035 991 1094 exus
1012 1049 1066 1094 eos
1082 1027 1136 1114 qui
1152 1025 1184 1092 in
1207 1027 1279 1117 lege

177 1123 317 1212 expressi
341 1131 443 1200 erant,
467 1145 579 1190 exosos
603 1123 662 1190 sibi
684 1133 718 1190 et
741 1124 910 1193 infortunio
935 1127 1098 1193 damnatos
1117 1149 1175 1215 per
1200 1128 1277 1192 Pro-

177 1226 289 1312 phetas
304 1223 393 1289 Deus
410 1222 620 1311 signifiossset,
637 1244 746 1290 eorum
762 1226 891 1291 tutelam
907 1225 1064 1312 suscipere
1080 1237 1136 1294 aut
1153 1249 1223 1293 cum
1239 1225 1278 1291 iis

178 1345 267 1392 srma
281 1322 399 1388 sociere
420 1321 614 1404 hauddubie
635 1323 722 1389 nelos
738 1333 819 1390 erat.
857 1325 930 1390 Huc
948 1325 1026 1390 illud
1043 1325 1179 1412 pertinet
1200 1327 1278 1391 Pro-
1289 1339 1434 1382 smus·

177 1423 283 1512 phetae
310 1421 371 1487 ⁰od
395 1421 606 1508 Josaphstum
631 1421 671 1488 de
696 1444 775 1511 rege
804 1423 951 1490 Ιιιοὲιίι.
993 1426 1041 1492 Το
1066 1447 1106 1492 rso
1132 1427 1279 1512 improbo

178 1522 350 1640 epistolari,
375 1533 405 1587 et
427 1543 479 1588 ece
499 1522 636 1606 diliycre
657 1523 737 1608 ”poi
752 1525 860 1590 Deam
884 1523 1048 1590 οιιοιιινιιι
1097 1527 1144 1590 Αι
1159 1527 1199 1592 ob
1219 1527 1280 1590 hoc

178 1623 286 1707 ipsum
310 1621 436 1688 exarsit
456 1621 493 1685 in
518 1632 548 1686 te
570 1621 674 1686 Dei
658 1643 725 1687 ινα.
775 1622 858 1688 Nam
883 1621 1037 1688 infelicem
1059 1623 1132 1689 belli
1157 1622 1277 1690 exitum

178 1719 317 1788 Micheas
331 1719 484 1806 propheta
495 1717 563 1804 jom
584 1727 659 1785 ante
676 1719 876 1807 proedixeret.
910 1722 954 1788 Et
970 1721 1100 1788 alterius
1115 1722 1279 1810 prophete

178 1820 220 1886 cd
244 1818 423 1886 Amssiam:
445 1820 499 1885 Nc
523 1820 571 1884 ito
598 1831 700 1885 tecum
725 1822 888 1887 wercitus
911 1821 1168 1887 Isrck'ls'tarcm:
1200 1839 1429 1888 commouer-

177 1942 242 1986 uoo
273 1921 366 1986 odeat
391 1919 482 1984 Dece
510 1919 686 1995 Israelitis,
719 1919 783 1984 elli
815 1921 952 2006 inquom
975 1921 1278 2006 Ephraimitcrcm.

179 2019 249 2084 Hoc
266 2040 342 2084 vero
364 2037 427 2081 non
444 2014 552 2082 uenire
567 2038 608 2082 ex
627 2025 742 2083 natura
757 2017 882 2095 sederis,
899 2017 956 2084 sed
972 2040 1012 2084 cx
1029 2040 1171 2105 persone
1186 2040 1280 2106 pecu-

178 2117 249 2184 lisri
273 2117 408 2204 quodem
428 2114 589 2201 quslitate,
612 2115 664 2182 rel
683 2115 755 2182 hinc
779 2116 942 2195 evincitur,
961 2117 1045 2203 quod
1070 2117 1211 2207 graviter
1232 2117 1279 2184 in·

179 2215 318 2304 crepitus
342 2223 391 2282 est
410 2214 612 2301 Jossphstus,
635 2213 730 2282 etism
752 2215 829 2282 diris
850 2215 976 2295 additis,
996 2239 1034 2283 eo
1055 2217 1181 2284 nomine
1195 2219 1279 2305 quod
1291 2235 1428 2280 recuc-

178 2315 353 2384 commercii
368 2335 462 2380 causa
482 2313 661 2380 societatem
681 2314 800 2382 iniisset
816 2337 886 2382 cum
907 2316 1045 2383 Ochozis
1060 2338 1139 2406 rege
1153 2317 1276 2384 Israeli-

177 2423 294 2492 mrum,
314 2413 445 2482 similem
461 2411 501 2491 ei
519 2433 613 2498 quum
630 2412 737 2480 David
760 2423 794 2482 et
816 2415 940 2482 Solomo
964 2415 1099 2484 iniersnt
1126 2439 1196 2484 oum
1219 2415 1278 2482 Hi·

178 2536 276 2595 rsmo,
300 2535 378 2600 quos
402 2534 440 2579 eo
462 2512 586 2578 nomine
612 2511 728 2598 psrtim
755 2535 816 2581 non
837 2516 1052 2602 reprehensos,
1073 2515 1189 2604 purtim
1212 2516 1279 2584 lau·

179 2613 270 2682 datos
292 2613 436 2680 diximus
487 2613 570 2678 Nam
595 2611 679 2697 quod
704 2611 831 2679 additur
856 2613 1057 2681 Ochozism
1048 2615 1157 2730 impie
1169 2614 1281 2706 egisse,

178 2713 273 2780 debet
289 2714 331 2780 cd
348 2721 446 2778 totsm
464 2708 531 2796 ejus
554 2710 651 2777 ritem
668 2710 790 2790 referri,
814 2713 855 2778 ob
872 2733 966 2798 quom
987 2713 1109 2780 Deus
1100 2714 1160 2802 spei
1185 2715 1282 2780 omni·

178 2812 339 2900 busque·
312 2833 378 2899 eJus
403 2809 565 2876 conatibus
588 2808 726 2876 intensus
747 2809 861 2879 luerit:
887 2811 1042 2897 quomodo
1061 2813 1129 2880 hec
1151 2812 1282 2880 historia

179 2910 387 3000 explicetur
378 2931 412 2978 sn
441 2909 531 2986 libro,
558 2907 609 2974 cui
633 2930 747 2977 nomen
772 2908 1015 2977 constitutiones
1036 2909 1205 2978 Clementis
1222 2912 1280 2982 Vl.

178 3011 281 3100 ospite
297 3010 381 3079 xviii.

180 3189 296 3239 Allonem
321 3190 416 3248 Certos,
447 3187 558 3235 &notius
583 3186 703 3246 carolis,
755 3188 849 3237 πονσιι
849 3191 895 3248 νβῆ
905 3189 977 3236 cclv
955 3189 1074 3250 π.οννηρό
1089 3190 1221 3238 muratas
1231 3204 1282 3237 curs

179 3263 344 3312 rescimus·
362 3263 505 3325 cognomine
521 3261 637 3308 Ssnotns.
656 3263 704 3309 Pe·
755 3265 900 3312 societatist'
899 3263 1123 3311 samsonem
1138 3264 1249 3312 homi
1238 3279 1283 3311 sm·

179 3343 233 3386 tros
246 3339 361 3400 logionls
377 3351 436 3386 rex:
457 3337 574 3384 Allonem
592 3335 705 3383 Catella
752 3337 844 3398 ploce
857 3337 979 3385 hesternos
1010 3335 1104 3399 (Antip.
1120 3337 1185 3387 Jsd.
1201 3349 1241 3386 rx.
1258 3343 1281 3386 1.

179 3425 224 3462 tex
238 3413 450 3474 prudentissimus:
465 3425 520 3458 cum
535 3409 643 3457 'rumis
653 3409 705 3456 llo·
757 3411 805 3473 51.
837 3413 905 3460 Edit.
916 3411 1012 3472 Hsds.)

180 3487 283 3548 delphus
289 3487 489 3548 Hsbspnrgensis
508 3485 558 3533 sui
564 3483 705 3532 Johsnnsm
803 3487 877 3548 rQus'
886 3488 965 3535 Deum
974 3487 1082 3546 ederunt]
1094 3486 1225 3536 (lrstisnus
1232 3487 1282 3537 Vs-

179 3566 210 3613 de
226 3565 375 3625 &ansgiso
389 3564 451 3611 libro
466 3575 507 3610 ιιι.
525 3561 554 3608 de
564 3560 627 3608 Jcrs
640 3559 706 3608 Belli
756 3562 815 3611 lenti
832 3567 919 3623 petr-oo
934 3567 1019 3609 contre
1034 3563 1134 3624 Βογιιιιι
1150 3577 1221 3624 opem
1238 3579 1282 3626 ps.

178 3641 283 3688 Rom
292 3640 449 3700 Pontp'flciso.
461 3641 483 3686 1.
498 3636 579 3685 Julius
589 3635 623 3682 ΙΙ.
639 3635 704 3682 l’on·
755 3638 818 3685 tenti
833 3635 936 3696 scripsit,
951 3635 983 3681 ιιι
996 3637 1024 3682 cui
1039 3636 1077 3682 tes
1087 3638 1126 3696 τῷ
1139 3635 1222 3699 ἱχθρᾷ
1235 3640 1281 3686 τοῦ

178 3715 238 3764 illex
249 3715 334 3763 surus
343 3729 409 3764 usus.
755 3713 820 3760 θεοῦ
835 3714 986 3770 συμμαχεῖν·
998 3709 1045 3770 sas
1058 3725 1104 3756 non
1117 3725 1166 3759 esse
1179 3714 1282 3762 sodalis

220 3799 233 3824 ⁰
248 3790 291 3837 Ad
299 3789 470 3852 Joscptctscu]
484 3789 620 3854 Jossphm:
630 3789 706 3847 νιτινῑ-
756 3786 934 3845 miserem
948 3797 999 3830 esee
1008 3798 1035 3830 eo
1045 3785 1088 3845 pst
1096 3787 1147 3833 Dei
1155 3787 1187 3836 rit
1199 3790 1280 3838 tortia

177 3865 264 3923 werris
271 3867 336 3927 πρὸς
342 3866 451 3927 Ἄχαβον
458 3868 602 3928 συμμαχίαι
612 3865 705 3925 ἄνδρα·
757 3862 863 3909 Zousm
872 3859 940 3922 (le.
952 3870 1014 3906 xus.
1025 3873 1079 3920 osp-
1089 3861 1142 3922 17.)

236 4117 254 4173 7
282 4111 313 4169 Ii
331 4131 387 4188 any
403 4115 485 4189 kings
512 4133 546 4173 or
565 4115 681 4190 peoples
698 4131 773 4173 vere
790 4115 966 4171 condemned
987 4119 1019 4171 to
1048 4111 1222 4168 destruction
1241 4109 1282 4184 by

179 4199 252 4266 ooo,
266 4200 410 4257 doubtless
424 4203 448 4258 it
461 4219 517 4260 vas
531 4203 601 4259 then
616 4201 752 4258 unlsviul
765 4207 796 4258 to
813 4205 925 4274 protect
939 4201 1017 4257 them
1039 4216 1073 4256 or
1093 4205 1124 4254 to
1138 4199 1200 4269 Join
1213 4197 1282 4252 with

177 4286 266 4343 them.
312 4287 351 4342 So
372 4289 509 4344 schroc.
522 4290 576 4345 xix.
597 4295 624 4356 2,
645 4288 721 4345 John
737 4287 788 4344 tho
805 4287 927 4360 prophet
944 4301 1008 4360 says
1025 4291 1056 4342 to
1077 4281 1282 4353 Jchoshephst,

179 4371 317 4429 Slocldcot
332 4375 397 4429 stoc
410 4375 470 4447 help
484 4377 526 4431 tiss
542 4375 670 4447 ocpcdly,
681 4375 751 4442 δῖοι
777 4375 815 4430 So
830 4379 848 4429 2
863 4373 967 4429 (ihren.
981 4389 1042 4428 uxr.
1060 4377 1077 4429 7
1091 4376 1122 4425 to
1137 4365 1279 4422 Amszish.

175 4457 235 4514 But
253 4459 309 4515 this
332 4475 389 4516 vos
407 4475 445 4515 on
461 4467 583 4518 account
600 4461 634 4518 oi
649 4457 780 4535 persensi
798 4459 1027 4523 consideratione,
1043 4461 1095 4511 not
1112 4453 1162 4510 the
1179 4455 1282 4508 nature

177 4545 210 4600 oi
221 4543 271 4602 the
284 4551 388 4620 trecty‚
399 4561 431 4603 es
445 4563 565 4621 appears
579 4547 618 4624 by
632 4547 682 4604 the
694 4549 925 4604 circumstances:
945 4543 1048 4613 [which
1061 4537 1133 4610 see]
