3282 5136
201 355 269 412 (iar.
283 350 364 426 XV.]
408 356 461 412 DE
481 357 701 413 annuamus
723 357 772 414 Ac
796 351 1301 417 spous10u1eus.143

199 521 285 588 dere.
329 519 419 586 Bene
436 519 664 588 Tertullianus:
693 525 859 599 Quamdiu
875 525 969 590 iutro
985 528 1143 592 Israelem
1159 541 1233 593 erat
1248 551 1366 635 auquel.
1378 551 1447 590 ιιιιι

199 632 409 695 crumentum,
433 621 547 686 aurito
566 623 603 686 ia
627 623 710 688 eolm
724 623 857 707 fratres
880 626 1142 691 moberiomdium
1163 595 1363 694 eredendo-¹Vl

200 722 266 786 bat.
297 721 344 785 Αι
360 720 418 784 ubi
437 721 565 786 curum
581 721 673 785 dedit
684 733 792 806 quotae
803 723 1016 789 hereditatem
1030 737 1061 789 et
1073 729 1302 809 poaeeeeimeem

200 821 353 885 terminos
369 830 473 895 terroe,
497 829 527 883 et
544 820 640 904 coepit
655 841 797 906 aupuesqe
790 822 900 906 quod
918 824 1043 888 dictum
1060 836 1107 890 est
1116 847 1181 910 per
1201 828 1300 893 Osee:

199 920 278 984 Noa
306 918 448 1003 populus
473 939 562 984 mesu
579 920 723 1003 popum
755 941 852 1000 metu,
885 932 915 986 et
947 943 1012 987 mou
1040 925 1302 991 misericordium

199 1029 368 1084 cmseeceetu
394 1018 655 1083 misericordium
680 1031 857 1095 consecuto,
885 1023 993 1086 Notio
1016 1023 1162 1100 scilicet3
1188 1027 1302 1092 coemo

204 1118 354 1184 Christus
372 1119 409 1181 iu
431 1137 537 1181 omues
554 1116 651 1200 legem
663 1119 830 1200 frotmuoe
847 1119 1057 1204 beniquitativ
1073 1126 1222 1200 extendit,
1248 1145 1301 1190 ue·

199 1218 317 1281 minem
333 1216 502 1282 euciudem
517 1217 553 1280 iu
569 1217 784 1294 miseratione,
802 1218 887 1283 aiem
902 1220 939 1283 iu
955 1222 1130 1288 vocatione.

276 1316 297 1380 2
332 1315 411 1393 Qua
427 1311 525 1400 accipi
541 1322 667 1400 oportet
683 1314 770 1382 salva
784 1314 902 1404 gradus
927 1317 1112 1396 differentia,
1130 1328 1167 1386 ut
1184 1320 1217 1386 in
1235 1343 1300 1387 om-

199 1434 256 1480 ues
272 1414 367 1480 simus
380 1413 519 1490 benefici,
536 1412 694 1500 praeoipue
705 1421 811 1480 tamen
827 1413 860 1480 in
876 1415 1034 1506 religionis
1051 1429 1219 1487 consortes.
1260 1423 1298 1486 Iu
1313 1453 1354 1493 ιιι
1368 1451 1395 1491 ιι
1405 1453 1435 1492 ιι

202 1512 369 1580 Clementis
385 1511 653 1579 constitutionibus
674 1513 826 1602 legimus:
852 1518 953 1584 πᾶσιν
972 1509 1027 1584 οὖν
1045 1510 1166 1588 δίκαιον
1181 1511 1297 1590 διδόναι
1311 1535 1441 1588 ιιιιιιιι.

200 1608 241 1702 ἔξ
266 1613 386 1682 οἰκείων
412 1606 527 1681 πόνων·
563 1609 790 1705 προτιμητέον
815 1605 850 1680 ‹ie'
878 1612 956 1688 ‘rotie
978 1613 1108 1706 ἁγίους·
1143 1623 1298 1688 omuibus

201 1713 405 1798 largiendum
429 1714 470 1779 de
490 1724 604 1778 nostra
627 1734 750 1798 operm
772 1715 829 1780 aed
848 1717 901 1780 ita
924 1728 962 1781 ut
983 1731 1170 1784 sauctorum
1185 1723 1299 1804 potior

199 1813 473 1878 habeaturrctio.
516 1813 668 1896 Perfecta
686 1813 879 1889 liberalitas,
899 1812 1000 1930 inquit
1016 1815 1197 1883 Ambrosius
1198 1822 1297 1905 ‚fida
1313 1842 1429 1892 malso.

200 1933 311 1987 muca,
330 1912 405 1987 loco,
424 1923 562 1997 tempore
574 1913 824 1988 commendatur,
841 1925 879 1977 ut
888 1916 1037 1999 pmmum
1049 1919 1191 2002 opereris
1206 1920 1299 1983 circu

199 2012 484 2094 domestiootfidci
537 2009 643 2076 Simile
659 2021 707 2076 est
723 2009 800 2076 illud
817 2010 1017 2080 Aristotelis:
1043 2011 1081 2082 ovi
1096 2012 1168 2108 γὰρ
1181 2011 1296 2095 ὁμοίως
1310 2041 1388 2082 ιιιιι
1388 2041 1431 2082 ,ιιι

200 2107 358 2202 προσήκει
375 2103 526 2191 συνήθων
543 2139 596 2177 και
588 2105 747 2178 ὀθνείων
768 2107 969 2205 φροντίζειν
993 2115 1107 2201 Neque
1127 2117 1212 2182 euim
1228 2138 1296 2202 par

199 2221 246 2276 est
262 2211 418 2296 aqualem
434 2231 549 2276 meram
565 2211 672 2275 subiri
682 2232 748 2295 pro
764 2214 907 2277 catomis
922 2225 953 2278 et
963 2235 1029 2297 pro
1044 2216 1169 2281 amium.

274 2311 296 2373 3
328 2309 493 2375 Convictus
516 2307 610 2374 etiam
634 2308 795 2375 samium
820 2329 890 2375 cum
915 2309 1099 2390 hominibus,
1125 2313 1179 2401 qui
1203 2313 1297 2381 alieni

198 2415 271 2474 sunt
293 2429 314 2474 a
338 2406 512 2496 Belgicae,
535 2429 598 2474 nou
623 2406 827 2495 prohibetur:
854 2431 892 2476 ac
916 2431 957 2476 ne
982 2433 1052 2477 cum
1076 2412 1136 2479 illis
1161 2413 1297 2500 quidem,

199 2529 330 2594 quorum
346 2505 435 2594 pejor
452 2527 545 2574 causa
560 2515 617 2584 est,
634 2515 668 2574 et
684 2507 738 2593 qui
753 2528 774 2573 a
788 2507 959 2594 disciplina
981 2511 1169 2578 Christianae
1185 2513 1298 2601 regula

185 2607 354 2686 deliciunt,
377 2627 468 2672 omne
487 2603 683 2672 interdicitur
707 2607 932 2684 commercium,
957 2610 1012 2676 sed
1034 2610 1186 2679 familiare
1207 2621 1298 2679 extra

198 2704 717 2792 necessitatem,nonet1amquod
741 2707 966 2773 emendandis
956 2708 1032 2794 ipsis
1056 2731 1142 2798 spem
1164 2713 1295 2798 prabet.
1309 2739 1399 2780 omos.
1407 2739 1437 2778 ιιι

200 2806 283 2872 lllud
304 2829 380 2872 vero
411 2805 495 2892 quod
519 2804 605 2892 apud
628 2805 760 2872 Paulum
784 2814 841 2882 est,
872 2809 972 2872 ΝιΙ
948 2831 1067 2893 gaqum
1091 2812 1199 2877 decim
1221 2787 1388 2926 comicos
1386 2830 1452 2871 vlu.

199 2906 359 2971 alieniso
374 2907 463 2989 fide:
488 2907 574 2992 quod
590 2907 675 2970 cuim
700 2909 894 2971 consortium
918 2918 965 2972 eet
981 2909 1123 2991 justitio
1144 2932 1217 2974 eum
1233 2913 1298 2976 iui-

200 3006 334 3094 muare,
358 3017 418 3071 aut
433 3025 503 3088 qum
517 3007 701 3070 commistio
726 3016 772 3070 eet
791 3005 857 3070 luci
881 3025 954 3069 cum
972 3007 1118 3084 tenebris,
1142 3021 1205 3073 aut
1227 3031 1299 3094 quoe

199 3107 374 3171 concordia
396 3116 442 3171 eet
463 3105 592 3171 Christo
615 3125 691 3169 cum
705 3107 854 3180 Seioua,
880 3116 940 3168 aut
959 3127 1029 3190 quoe
1044 3127 1133 3192 pare
1157 3109 1299 3174 credenti

199 3226 272 3270 cum
282 3227 345 3269 uon
358 3203 531 3270 moderate?
546 3202 588 3267 ad
602 3224 654 3268 eos
667 3201 804 3290 pertinet
820 3201 917 3289 quiin
929 3202 1028 3269 idoliis
1045 3204 1297 3284 convivabantur,

200 3310 295 3387 atque
318 3302 363 3369 ita
389 3310 445 3368 aut
470 3301 676 3368 idololatriam
700 3301 942 3379 committebant,
970 3311 1026 3369 aut
1051 3311 1138 3370 certe
1161 3304 1300 3371 commit·

200 3400 474 3488 tentiumspeciem
496 3400 688 3487 praebebant.
727 3400 904 3467 Ostendant
920 3402 1100 3488 sequentia:
1131 3407 1211 3484 Ques
1227 3427 1300 3471 οοιι-

199 3502 303 3567 renuo
320 3501 436 3588 templo
457 3501 523 3566 Dei
540 3521 613 3566 cum
635 3499 763 3566 idolis?
786 3499 897 3566 similia
913 3499 973 3566 illis
989 3523 1060 3590 quae
1081 3503 1236 3593 inpriore
1258 3503 1299 3570 ad
1313 3527 1446 3568 ιοιωιι.

198 3750 301 3823 belong
314 3757 346 3807 ιο
360 3751 470 3823 privato
489 3751 642 3824 prudence,
654 3757 706 3806 not
723 3757 755 3807 ιο
769 3750 866 3823 publio
879 3751 981 3825 policy,
996 3751 1052 3808 and
1067 3752 1158 3810 admit
1171 3753 1206 3810 of
1213 3771 1299 3830 many

198 3839 368 3910 exceptione.

250 3923 289 3978 X.
335 3928 350 3977 1
377 3923 439 3978 The
462 3923 568 3995 Gospel
596 3921 723 3995 changed
747 3923 867 3995 nothing
883 3923 915 3979 iu
937 3923 994 3980 tbis
1015 3929 1135 3980 matter:
1158 3927 1181 3982 it
1201 3927 1301 3983 rather

197 4007 313 4064 favours
325 4010 508 4065 conventione
519 4008 587 4063 with
597 4010 636 4063 all
647 4025 714 4064 men
728 4008 791 4066 that
802 4027 843 4066 we
854 4027 918 4082 may
931 4010 968 4065 do
980 4008 1060 4066 them
1076 4011 1167 4082 good:
1187 4029 1218 4068 as
1234 4013 1298 4069 God

198 4093 295 4149 makes
309 4092 353 4148 his
365 4110 418 4148 sun
429 4101 460 4150 ιο
474 4095 530 4150 riso
542 4111 580 4150 on
593 4094 643 4151 the
651 4097 712 4166 just
728 4095 785 4150 and
796 4097 834 4151 on
847 4095 898 4151 the
910 4097 1013 4166 unjust.
1058 4097 1097 4152 So
1109 4098 1276 4154 Tertullian.

257 4186 274 4234 2
302 4178 405 4234 Which
418 4187 494 4236 must
505 4181 542 4236 be
553 4181 640 4235 taken
654 4179 721 4236 with
733 4198 752 4235 a
763 4181 922 4248 difference,
936 4181 1000 4237 that
1014 4198 1116 4238 venre
1131 4190 1161 4238 ιο
1175 4182 1213 4238 do
1224 4185 1298 4255 good

198 4271 230 4321 to
243 4265 291 4330 all,
304 4265 357 4321 but
371 4266 505 4339 specially
518 4272 549 4322 ιο
564 4266 646 4323 those
660 4267 723 4322 who
742 4283 791 4323 are
807 4284 859 4322 our
872 4267 1019 4340 portabere
1031 4269 1061 4322 in
1075 4269 1203 4340 religion.
1242 4269 1298 4324 See

198 4351 247 4407 the
260 4353 437 4409 clementina
452 4352 667 4418 Constitutione,
682 4352 828 4419 umbreae,
843 4353 986 4410 Aristotle.

250 4443 266 4494 3
288 4437 423 4493 Familiar
435 4439 608 4495 intercourse
618 4439 643 4495 is
653 4445 704 4494 not
715 4440 865 4495 forbidden
877 4439 944 4494 with
959 4448 1100 4511 strangers
1114 4443 1145 4493 to
1157 4436 1298 4508 Religion,

196 4537 250 4580 nor
263 4540 336 4582 even
346 4523 429 4582 those
440 4524 502 4581 who
513 4525 585 4582 have
599 4543 672 4600 gone
685 4525 759 4583 back
771 4525 847 4583 irem
863 4526 982 4598 religion
989 4545 998 4593 ς
1015 4525 1068 4581 but
1080 4523 1147 4598 only
1161 4539 1297 4582 unueces-
