3188 5128
133 348 207 404 Car.
220 343 346 414 XXIII]
494 346 547 402 DII
570 346 704 402 CAUSIS
725 345 869 401 DUBIIS.
1169 335 1233 399 409

137 499 193 562 tice
217 507 248 562 ct
266 495 392 580 patrio
416 516 531 560 amor.-
554 495 594 560 in
616 496 747 578 sepibus
768 515 841 560 cero
867 495 999 559 enimus
1022 493 1179 579 placidus
1204 503 1235 558 et

135 597 208 662 cce
233 596 412 680 obsequens.

214 694 273 758 XI.
325 694 510 779 Quanquam
533 715 607 760 vero
628 692 661 758 in
683 714 776 760 causa
796 692 890 759 dubia
906 711 980 779 pars
999 697 1133 778 utraque
1149 696 1236 755 tene·

136 803 191 861 tur
207 814 348 880 quarere
369 792 568 871 conditiones,
585 792 697 880 quibus
721 792 835 858 bellum
853 792 979 869 uitetur,
995 791 1113 879 'magis
1129 798 1236 854 tamen

138 892 181 961 sd
210 893 243 959 id
269 901 403 970 tenetur,
428 891 480 979 qui
507 892 596 980 petit,
624 914 717 979 quam
745 892 799 978 qui
825 891 970 980 possidet.
1022 891 1069 957 Ut
1096 888 1177 955 enim
1202 889 1237 953 in

138 991 210 1084 pari
234 1014 327 1058 causa
351 990 459 1057 melior
484 991 525 1057 sit
549 991 732 1080 possidentis
756 991 900 1068 conditio,
924 1012 987 1055 non
1011 989 1092 1055 civili
1115 996 1235 1054 tantum
1249 1009 1372 1097 parumn

134 1092 202 1182 juri
219 1091 273 1158 sod
290 1100 323 1158 ct
338 1090 474 1157 naturali
491 1090 654 1156 convenit:
681 1091 767 1178 cujus
782 1093 831 1156 rei
846 1112 970 1156 causam
990 1089 1065 1156 ulibi
1087 1088 1180 1155 etiam
1197 1111 1236 1154 ex
1249 1104 1304 1187 piep-
1311 1150 1337 1189 a
1344 1151 1399 1189 Im

140 1191 317 1258 Aristotelis
342 1213 414 1279 quae
440 1190 586 1256 dicuntur
618 1190 862 1277 problematibus
890 1188 1079 1256 lattulimus.
1128 1189 1237 1275 Atque
1250 1193 1397 1279 gemet

140 1291 193 1357 hic
209 1298 241 1357 et
255 1291 332 1357 illud
347 1290 523 1356 addendum
540 1298 597 1367 est,
612 1290 653 1355 ab
669 1311 716 1365 eo,
734 1289 787 1376 qui
800 1289 915 1376 justam
933 1311 1056 1354 causum
1072 1289 1190 1354 habere
1205 1309 1238 1352 se
1250 1284 1401 1374 mum}

141 1392 209 1468 scit,
225 1390 281 1455 sed
297 1390 481 1455 documenta
503 1410 565 1454 non
586 1389 684 1455 hahet
700 1389 889 1466 sufficientia,
905 1389 1017 1476 quibus
1031 1409 1238 1475 possessorem
1252 1378 1402 1472 logllliffil·

143 1491 184 1556 de
216 1488 367 1575 injustitia
394 1511 458 1555 suae
487 1488 685 1575 possessionis
714 1489 885 1566 convincat,
919 1487 1033 1554 bellum
1062 1487 1145 1553 licite
1178 1509 1239 1552 non
1252 1473 1381 1572 miii

143 1587 242 1680 sumi:
267 1587 341 1676 quia
360 1610 423 1654 non
444 1588 541 1654 habet
560 1587 612 1674 jus
634 1587 765 1678 cogendi
781 1589 924 1666 alterum,
942 1595 979 1654 ut
994 1587 1034 1654 de
1050 1585 1240 1675 possessione
1252 1562 1391 1648 lc³t‘¹”¹⁹'⁶²

143 1687 286 1754 decedat.

220 1787 295 1852 XII.
348 1785 412 1853 Ubi
429 1809 505 1853 uero
530 1796 564 1854 et
580 1786 632 1874 jus
649 1787 827 1876 ambiguum
845 1795 901 1864 est,
919 1795 952 1854 et
968 1794 1078 1853 neuter
1095 1785 1240 1873 possidet,
1254 1807 1369 1904 effi}
1375 1857 1404 1895 ω.

144 1895 199 1954 eut
216 1908 256 1953 ex
273 1907 361 1974 usquo
382 1895 525 1974 uterque,
542 1887 586 1953 ibi
608 1887 730 1974 iniquus
751 1887 921 1953 censendus
944 1885 1014 1966 erit,
1032 1885 1088 1973 qui
1104 1885 1241 1952 oblatam
1254 1904 1405 1994 dciii..

145 1987 193 2053 rei
209 1995 416 2053 wutrovcrsae
433 1986 614 2053 divisionem
631 1987 784 2074 repudiat.
1254 1992 1318 2036 ccc.

221 2086 314 2152 XIII.
366 2087 385 2150 1
421 2087 472 2150 Ex
500 2086 560 2166 his,
589 2107 660 2174 quae
685 2086 828 2162 diximus,
858 2083 981 2151 deliniri
1006 2092 1109 2172 potest
1141 2083 1195 2150 illa
1223 2106 1244 2149 a

147 2184 251 2252 multis
267 2185 386 2274 agitata
409 2185 549 2272 quaestio,
567 2207 608 2252 an
630 2185 754 2262 bellum,
780 2184 902 2251 ratione
923 2184 1030 2250 habita
1055 2205 1171 2260 eorum,
1189 2182 1242 2270 qui
1255 2212 1390 2304 33:340}st

147 2285 331 2372 principales
356 2284 429 2351 belli
457 2294 593 2351 motores
619 2295 700 2361 sunt,
728 2284 875 2371 utrinque
896 2284 1016 2370 justum
1043 2305 1110 2348 esse
1137 2283 1241 2370 possit
1254 2307 1383 2392 cmc.

147 2380 399 2474 tDistinguendae
416 2385 496 2450 enim
519 2393 592 2451 sunt
611 2385 706 2451 varia
723 2383 915 2470 acceptiones
931 2382 1015 2449 vocis
1024 2384 1119 2468 justi.
1169 2381 1195 2448 J
1195 2405 1243 2446 us-
1253 2361 1383 2482 {alffiu-

146 2492 214 2550 tum
230 2485 311 2550 enim
327 2483 444 2571 aliquid
466 2484 578 2550 dicitur
599 2493 656 2550 aut
671 2506 712 2549 ex
728 2505 830 2560 causa,
848 2491 903 2548 aut
921 2482 1088 2548 secundum
1105 2481 1240 2548 effectus.
1256 2488 1379 2576 {pepi-,pp

147 2585 198 2649 Ex
227 2605 320 2649 cause
349 2605 482 2664 rursum,
512 2591 567 2649 snt
591 2582 716 2670 speciali
743 2582 921 2669 acceptione
942 2581 1082 2669 justitiae,
1108 2589 1165 2648 eut
1192 2581 1244 2646 illa
1257 2583 1408 2669 pipponem,

148 2682 297 2771 generali,
325 2703 387 2767 quc
417 2683 515 2746 omnis
543 2683 697 2748 rectitudo
730 2705 767 2748 eo
797 2681 884 2747 venit
911 2681 1043 2747 nomine.
1096 2675 1298 2768 Specialisl‘*

148 2780 285 2867 acceptio
311 2779 424 2846 iterum
451 2779 600 2846 dividitur
626 2779 658 2845 in
685 2803 754 2846 eam
780 2803 850 2866 quse
875 2780 916 2846 ed
941 2801 1019 2866 opus
1043 2780 1190 2866 pertinet,
1213 2787 1247 2844 et

149 2901 228 2956 cena
256 2899 327 2965 quae
351 2878 488 2965 pertinet
513 2879 556 2944 ad
584 2889 783 2980 operantem
809 2900 942 2966 quarum
968 2877 1035 2943 ¹illa
1060 2886 1163 2965 potest
1187 2877 1248 2942 dici

149 3037 282 3098 questione
301 3035 335 3082 lii.
356 3038 412 3096 post
432 3049 454 3082 c.
474 3036 616 3097 EpIscopns,
635 3037 674 3086 66.
723 3037 814 3094 ticc,ln
825 3037 876 3083 solu
885 3035 1250 3097 primuEditloneIeguntur‚ot

149 3109 400 3172 distinguitjuctiticar
410 3124 495 3167 ccccc,
509 3111 607 3170 ordinis,
618 3112 672 3158 απι-
722 3112 748 3158 in
764 3113 817 3158 aliis
830 3111 917 3158 omisso
933 3115 990 3157 sunt
1005 3111 1097 3158 incuria
1110 3111 1249 3174 typotheta-

148 3189 181 3234 πη·
722 3201 784 3246 rum,
794 3193 822 3234 nt
832 3185 909 3248 quivis
919 3187 992 3234 ridet.
1022 3186 1049 3236 J.
1059 3187 1093 3236 B.

182 3221 203 3289 '¹
219 3259 278 3308 Iino
288 3259 376 3318 omnin,
387 3273 487 3320 pamm
497 3259 542 3306 illa
546 3293 599 3305 ......
602 3273 673 3322 nepa-

203 3507 271 3563 XII.
305 3507 363 3562 But
374 3506 455 3562 when
469 3506 519 3564 the
538 3505 614 3580 right
632 3509 656 3563 is
673 3507 847 3581 ambiguous,
861 3497 917 3566 and
934 3509 1046 3568 neither
1059 3509 1082 3567 is
1098 3513 1126 3566 iu
1140 3528 1249 3584 posses·

151 3595 221 3659 sion,
236 3611 269 3648 or
281 3593 351 3648 each
365 3594 387 3648 ia
405 3593 517 3665 equally
529 3610 569 3658 so,
581 3594 650 3648 then
667 3595 693 3648 ii
704 3611 759 3650 one
774 3595 807 3651 oi
820 3595 869 3650 the
883 3598 989 3668 parties
1003 3597 1097 3654 resuse
1112 3605 1142 3654 to
1156 3597 1249 3653 divide

151 3681 200 3736 the
215 3686 319 3736 matter
332 3680 361 3733 in
376 3681 514 3751 qucstIon,
525 3679 562 3735 he
577 3681 599 3734 is
614 3685 645 3734 to
659 3680 696 3736 be
709 3681 850 3735 reckoned
865 3683 968 3752 unjust.

205 3767 289 3821 XIII.
328 3771 342 3820 1
367 3766 453 3820 From
469 3765 545 3820 what
562 3782 604 3820 we
623 3765 694 3820 have
712 3766 781 3832 said,
797 3783 838 3821 we
854 3785 919 3839 may
934 3767 1032 3823 decide
1053 3767 1102 3823 the
1119 3770 1249 3840 quesiton

151 3853 251 3908 merod
260 3853 298 3925 by
307 3869 392 3924 many
405 3853 519 3917 writers,
528 3850 653 3906 whether
667 3870 685 3906 a
696 3869 761 3918 war,
776 3853 912 3924 regarded
928 3855 957 3907 in
969 3854 1114 3909 reference
1125 3862 1156 3910 to
1168 3855 1250 3910 those

152 3937 215 3991 who
229 3937 338 3993 arethe
352 3937 489 4010 prInpral
503 3954 612 3993 mowers
627 3937 660 3992 oi
679 3939 709 4002 it,
731 3956 782 3993 can
802 3938 839 3994 he
856 3941 917 4010 just
935 3957 972 3995 on
990 3940 1059 3994 both
1079 3941 1162 3997 sides.
1196 3942 1250 3996 We

153 4027 229 4075 must
247 4023 411 4093 dirtinguish
430 4023 540 4079 various
554 4025 743 4095 acceptatione
758 4026 792 4079 of
806 4024 856 4081 the
877 4026 952 4080 word
969 4028 1036 4100 just.
1082 4027 1108 4080 A
1127 4027 1208 4098 thing
1226 4027 1250 4082 is

154 4107 244 4161 called
262 4109 322 4176 just
338 4107 413 4163 from
434 4109 470 4163 its
493 4127 585 4174 cause,
605 4127 638 4164 or
656 4110 730 4164 srorn
746 4112 782 4166 its
806 4113 897 4167 effect.
931 4113 997 4166 And
1020 4112 1110 4183 again,
1124 4112 1199 4167 from
1213 4114 1249 4166 ite

154 4209 246 4256 cause,
260 4191 351 4248 either
371 4195 400 4247 ln
415 4193 464 4248 the
478 4195 582 4266 special
596 4197 772 4268 acceptation
793 4197 826 4251 of
842 4199 952 4267 justice,
967 4214 1001 4252 or
1015 4197 1043 4250 in
1059 4195 1121 4250 that
1134 4199 1249 4267 general

154 4279 331 4349 acceptetion
357 4279 387 4333 in
409 4277 499 4332 which
521 4279 559 4334 all
581 4282 719 4336 rectitudo
738 4298 770 4337 or
793 4283 932 4354 rightness
955 4299 1048 4337 comes
1071 4283 1162 4336 under
1187 4282 1250 4338 thot

154 4379 245 4419 name.
277 4365 376 4434 Agnin,
392 4363 442 4419 the
456 4365 559 4435 special
574 4369 750 4438 acceptation
765 4369 787 4422 is
803 4368 914 4422 divided
935 4369 994 4422 into
1013 4366 1076 4421 thet
1093 4367 1182 4421 which
1200 4367 1250 4422 be-

154 4451 233 4521 longs
244 4456 275 4504 to
289 4450 338 4506 the
350 4456 396 4506 aot
408 4450 490 4516 itsclf,
501 4452 556 4506 and
572 4451 634 4508 thot
648 4452 737 4507 which
751 4454 866 4524 belongs
885 4461 915 4508 to
931 4453 980 4508 the
996 4459 1097 4524 ugent3
1117 4453 1151 4509 ci
1161 4452 1251 4508 which

153 4537 203 4592 the
214 4536 321 4594 former
334 4554 399 4612 may
413 4537 449 4593 be
464 4537 552 4594 called
565 4539 691 4612 postilio,
706 4539 755 4595 the
766 4539 852 4594 letter
863 4541 1000 4610 negative.
1031 4539 1088 4595 For
1102 4538 1150 4596 the
1166 4547 1252 4614 agent
