3248 5126
339 223 404 286 302
786 229 838 283 ns
860 229 999 286 rossus.
1315 219 1390 295 [nm.
1405 227 1449 282 n.

339 396 390 460 Ea
413 400 517 459 autem
533 389 618 458 nasci
643 389 722 456 solet
746 411 787 455 ex
804 390 1001 478 generalibus
1025 387 1235 454 invitamentis
1251 387 1293 453 ad
1312 407 1448 472 peccan-

341 493 425 568 dum,
443 513 513 578 quae
527 489 656 577 reprimi
667 487 726 554 nisi
737 489 860 554 acribus
871 487 1016 554 remediis
1027 495 1195 574 nequeunt
1229 485 1446 552 invitamenta

340 599 445 657 autem
462 589 618 677 praeoipua
633 595 715 665 sunt,
733 587 923 653 consuetudo
939 595 972 653 et
987 585 1128 652 facilitas.

417 690 554 755 XXXV.
598 688 649 754 Ob
669 686 848 754 facilitatem
865 685 917 751 lex
933 684 1039 752 divina
1055 681 1202 750 Hebraeis
1217 681 1293 750 data
1308 681 1440 771 gravius

341 787 432 875 punit
446 787 565 854 furtum
581 787 642 854 gde
658 807 771 874 pascuo
787 807 881 872 qnam
896 785 938 851 de
954 784 1055 860 domo,
1073 784 1173 850 Exod
1191 781 1266 851 xxii.
1281 787 1301 848 1
1314 789 1347 848 et
1360 781 1391 858 7,
1406 786 1439 850 9.

340 887 365 952 J
367 887 486 954 ustinus
502 887 542 953 de
560 886 709 974 Scythis:
735 887 866 951 nudum
881 886 985 950 scelera
1000 887 1093 970 apsed
1114 906 1165 950 eos
1171 887 1273 969 furto
1289 883 1438 967 gravius,

341 991 461 1074 quippe
472 989 541 1054 sine
555 999 634 1053 tecto
649 987 905 1067 monimentaque
912 1006 1033 1068 pecora
1045 995 1075 1049 ct
1088 993 1238 1048 amanto
1247 982 1441 1048 habentibus

341 1090 423 1170 quid
437 1089 566 1153 solcum
582 1097 671 1164 esset,
692 1087 724 1150 si
735 1086 860 1169 fitruri
876 1085 1013 1150 liceret?
1053 1081 1160 1148 Simile
1175 1079 1253 1146 illud
1268 1081 1303 1144 in
1318 1078 1439 1146 Aristo·

242 1257 246 1264 ,
340 1186 412 1252 telis
442 1183 646 1271 problematis
678 1183 814 1248 sectione
839 1203 936 1248 xxrx.
968 1178 987 1249 ὁ
1020 1177 1196 1262 νομοθέτης
1222 1174 1288 1272 οὐχ
1315 1174 1440 1248 tanate

340 1277 441 1355 durus
457 1278 661 1372 ἡγησάμενος
677 1284 758 1350 εἶναι
775 1277 938 1375 φύλακας,
964 1277 1137 1360 vissiaco
1159 1275 1272 1348 αὐτοῖς
1290 1272 1437 1358 ἐπέστη-

340 1402 407 1451 σεν·
435 1384 514 1466 legia
530 1389 650 1449 auctor
666 1403 738 1448 oum
754 1384 852 1448 eoiret
876 1373 969 1447 llillic
981 1383 1019 1446 iu
1036 1382 1114 1446 bois
1131 1381 1278 1444 dominos
1291 1400 1343 1444 res
1358 1399 1441 1442 suas

339 1484 501 1548 mutodirc
523 1503 587 1546 uon
602 1501 707 1567 possa
733 1483 894 1546 ottstodcm
920 1483 1017 1566 lcpem
1039 1480 1185 1546 addidit.
1237 1475 1439 1542 Consuetudo

339 1579 414 1646 lacti
430 1580 489 1647 etsi
512 1579 631 1666 aliquid
647 1579 787 1646 dononio
811 1579 851 1645 de
867 1578 958 1666 culpa
975 1580 1052 1662 (oon
1067 1580 1140 1644 siue
1163 1579 1292 1643 ratione
1307 1576 1440 1642 oeuicm

177 1697 223 1738 nu
231 1699 259 1739 ¹v·
267 1699 326 1750 tna
339 1681 438 1760 dedit,
451 1678 552 1766 inquit
563 1678 691 1756 Plinius,
696 1684 795 1766 facto
808 1680 905 1746 uetito
916 1680 1056 1765 quidese,
1069 1699 1133 1742 noo
1146 1689 1253 1742 tomen
1265 1675 1439 1755 inusitato)

338 1800 439 1866 poenae
454 1787 560 1844 tamen
576 1777 774 1844 acrimoniam
791 1799 831 1842 ex
850 1777 954 1864 aliqua
969 1785 1060 1863 parto
1076 1775 1216 1864 flagitat:
1240 1772 1385 1860 quoniam
1400 1779 1441 1839 ut

175 1894 325 1982 godwi
340 1877 526 1961 Saturninus
542 1877 689 1963 loquitur,
704 1879 843 1943 nimium
857 1877 971 1942 mdiu
986 1877 1220 1961 manantibus
1236 1895 1317 1959 opus
1337 1893 1440 1937 aeot-

335 1979 393 2062 plo
409 1991 464 2044 ast.
496 1975 561 2042 Sed
577 1975 610 2041 in
622 1975 746 2063 judiciis
762 1975 861 2064 magis
877 1974 964 2052 illud,
981 1973 1015 2040 in
1031 1973 1153 2062 legibus
1169 1974 1228 2038 hoc
1245 1969 1439 2058 sequendum

338 2083 396 2152 est,
421 2074 543 2143 mtione
563 2075 671 2141 habita
696 2074 925 2161 temporisque
950 2074 1037 2162 leges
1060 2080 1117 2138 ant
1134 2071 1251 2159 judicia
1271 2071 1438 2136 feruntur:

337 2173 412 2259 qnia
426 2195 529 2261 poenae
541 2173 662 2239 utilitas
674 2173 773 2261 magis
784 2173 818 2237 in
831 2171 1065 2238 universalitate
1077 2178 1235 2257 spectatur
1247 2169 1330 2235 circa
1343 2187 1439 2252 quam

335 2279 409 2336 sunt
425 2271 530 2360 leges:
556 2271 647 2358 culpa
662 2279 768 2337 autem
784 2270 885 2357 major
900 2280 957 2337 ant
973 2271 1076 2335 minor
1092 2279 1142 2336 ost
1157 2269 1190 2335 in
1206 2266 1345 2357 singulis.

378 2452 392 2488 s
406 2445 446 2490 Dc
456 2457 548 2504 parcum
563 2457 635 2503 quam
649 2444 679 2490 ds
693 2443 774 2505 uno]
797 2444 861 2491 Vide
910 2445 1040 2492 Portubus.
1063 2443 1175 2491 Diximus
1185 2442 1255 2504 plura
1264 2439 1367 2487 inllolis
1376 2439 1437 2486 Gal-

335 2519 506 2565 Maimonidem
517 2519 643 2565 Dirsotorc
654 2531 695 2567 111.
705 2521 743 2568 41.
774 2518 861 2565 Cicero
910 2519 971 2566 licis.
1000 2519 1028 2565 J.
1039 2517 1085 2579 Β.]

333 2607 379 2653 pro
396 2595 470 2640 Sexto
488 2593 576 2640 Roscio
592 2593 722 2640 Amerino:
741 2598 812 2653 atw
831 2607 861 2639 ecs
956 2594 961 2627 ¹
978 2594 1104 2654 Supplicia
1118 2591 1209 2639 meritis
1222 2589 1328 2650 asinos-a]
1345 2589 1436 2636 lustin.

333 2673 388 2714 aaut
407 2668 616 2715 animaduertenda
630 2672 733 2728 mocula
751 2668 861 2725 marinis,
911 2681 942 2716 11.
960 2667 1056 2714 Hunnis
1073 2668 1186 2724 scribens,
1205 2665 1335 2724 Ῥωμαίοις
1352 2663 1436 2710 ἔνεστι

332 2757 384 2804 qua
393 2743 708 2806 difficillimsproecaveulur.
728 2741 802 2803 (Cap.
808 2741 861 2801 40.)
910 2742 945 2800 μή
963 2742 1115 2790 (ἐπιτιθέναι
1136 2741 1184 2788 vde
1199 2741 1321 2800 τιμωρίας
1337 2736 1435 2796 tespit-

254 2870 259 2882 Ι
351 2862 355 2868 ,
378 2817 461 2866 illlis
478 2819 504 2863 iu
518 2815 587 2877 locis]
609 2818 640 2863 ln
655 2817 761 2863 balneis:
783 2821 861 2862 morte
909 2824 1037 2864 ποιητοῖς
1046 2817 1254 2878 πλημμελήμασι·
1264 2815 1436 2862 Romnum

333 2894 503 2954 plectebantur
512 2892 615 2938 Athenis
628 2892 694 2938 iures
703 2891 825 2948 balneas-ii,
840 2891 860 2936 si
911 2893 950 2938 tic
963 2897 1004 2948 act,
1018 2906 1065 2937 uon
1078 2892 1189 2952 irrogare
1199 2904 1284 2950 poeuuc
1293 2903 1367 2949 pares
1379 2901 1433 2948 pse·

333 2969 460 3014 aetimatio
475 2972 539 3015 esset
549 2966 627 3027 major
638 2967 720 3012 decem
734 2965 861 3014 drachmis.
910 2970 1014 3015 conuiuis
1028 2967 1118 3014 unito.
1151 2967 1195 3028 [lu
1208 2967 1309 3028 Belegia
1322 2965 1434 3026 chtio·

333 3043 509 3090 Demosthanes
518 3047 601 3089 cosm
611 3041 773 3088 timentem.
788 3040 860 3086 Adde
909 3057 971 3101 nan,
979 3057 1009 3088 ex
1019 3043 1153 3089 Menandro
1160 3043 1309 3098 Protectores,
1318 3041 1433 3101 pag.131.

332 3117 381 3165 1.1.
391 3117 424 3164 D.
435 3117 569 3174 desertius
578 3115 716 3161 Macariis.
742 3114 804 3174 [Lex
814 3116 858 3161 So·
908 3117 959 3165 Ed.
969 3118 1087 3165 Herculei.
1102 3118 1144 3164 ubi
1162 3117 1274 3164 Jnstinns
1290 3129 1338 3163 non
1352 3115 1436 3162 scn‘iit

333 3192 396 3238 lonis
409 3195 490 3237 exstat
503 3203 561 3250 pag.
573 3190 619 3237 sto
629 3200 653 3236 o.
670 3189 795 3236 Orationis
807 3190 860 3237 De·
909 3191 1012 3250 Hm,
1034 3194 1077 3240 sed
1092 3206 1197 3252 praessns
1213 3192 1321 3252 loquitur
1335 3189 1435 3250 Legstis

332 3264 502 3310 mosthenicss:
516 3264 558 3309 sed
573 3263 598 3308 in
611 3263 654 3308 illa
667 3263 748 3324 agitur
763 3269 858 3312 tantum
908 3267 996 3327 stani
1006 3269 1081 3328 Regis
1091 3267 1210 3314 Avarum.
1237 3265 1318 3326 J.B.]

334 3337 365 3385 de
374 3337 403 3384 iis
416 3339 458 3400 qni
472 3338 616 3384 iurabantru·
626 3337 652 3383 in
664 3338 800 3398 Gymnasiis
815 3345 859 3387 aut
954 3341 964 3369 ⁶
979 3341 1071 3388 Nullibi
1093 3345 1172 3388 exstat
1191 3341 1248 3388 talis
1266 3339 1386 3388 sententis
1407 3337 1433 3384 in

385 3593 510 3651 XXXV.
549 3596 594 3652 On
612 3603 732 3652 account
746 3598 780 3652 of
796 3596 973 3671 thesocility,
991 3595 1041 3650 the
1057 3595 1150 3650 diiine
1168 3595 1222 3649 lav
1241 3595 1324 3665 given
1337 3598 1368 3648 to
1382 3592 1433 3648 tho

333 3677 467 3733 Hebrewe
485 3681 617 3750 punishos
632 3699 710 3737 moro
732 3681 844 3752 heavily
863 3682 938 3738 theit
953 3682 1029 3737 from
1046 3680 1095 3736 the
1112 3681 1180 3736 field
1199 3679 1268 3735 than
1289 3679 1363 3734 irom
1382 3678 1433 3733 the

332 3760 438 3842 lpouse3
451 3763 541 3818 Exod.
555 3767 618 3818 xxii.
629 3772 643 3818 1
656 3766 710 3819 and
721 3768 746 3821 7.
776 3767 814 3820 So
825 3768 920 3821 lustin
932 3784 994 3839 says
1005 3767 1054 3822 tho
1067 3765 1215 3837 Scythiam
1227 3763 1432 3820 accomodes

331 3863 350 3900 a
361 3851 434 3901 most
449 3846 566 3903 heinons
578 3849 672 3914 crime,
686 3851 717 3904 in
731 3866 922 3922 consequence
936 3853 969 3907 oi
980 3854 1016 3908 ita
1030 3851 1138 3924 lacssity
1151 3867 1255 3923 among
1265 3849 1340 3905 their
1350 3851 1432 3904 unin-

330 3931 426 3988 olosed
438 3931 531 3987 herda.
567 3933 606 3987 So
621 3933 763 3989 Aristotle.

385 4017 447 4073 'lte
461 4027 562 4073 autom
573 4018 607 4073 oi
615 4036 652 4072 an
663 4026 718 4083 aot,
730 4020 838 4092 though
849 4022 873 4077 it
884 4022 1024 4079 subtracta
1042 4023 1201 4094 something
1211 4021 1285 4076 from
1297 4018 1347 4077 tha
1358 4019 1432 4076 fault

331 4101 376 4170 (so
390 4102 496 4176 Pliny),
514 4110 562 4175 yet
579 4121 616 4160 on
631 4121 685 4160 one
703 4106 763 4161 side
775 4107 798 4162 it
813 4107 947 4164 demands
962 4109 1094 4181 severity,
1105 4114 1135 4164 to
1149 4113 1226 4164 meet
1245 4107 1294 4162 the
1312 4106 1431 4179 provall-

331 4189 454 4261 ingerit.
488 4190 546 4245 But
560 4191 590 4244 in
603 4192 757 4262 particular
764 4193 935 4265 judgments,
944 4211 985 4249 ve
996 4201 1072 4249 must
1083 4211 1160 4249 more
1175 4195 1239 4249 lean
1251 4199 1282 4248 to
1293 4193 1433 4262 lenienoy,

331 4273 361 4328 in
376 4275 490 4348 making
503 4276 579 4342 laus,
591 4282 622 4332 to
632 4279 753 4350 severity
764 4299 773 4345 ς
785 4280 883 4352 taking
897 4287 1016 4335 account
1025 4280 1059 4334 of
1069 4279 1118 4336 the
1130 4281 1200 4336 time
1210 4278 1292 4333 when
1303 4278 1353 4333 the
1365 4278 1432 4332 luvs

331 4375 365 4413 or
379 4359 427 4416 the
437 4363 600 4434 judgments
612 4380 660 4418 are
675 4365 824 4429 delivered,
837 4365 957 4421 because
971 4365 1021 4420 the
1035 4365 1130 4440 utility
1143 4366 1177 4420 oi
1189 4365 1237 4421 the
1248 4363 1436 4436 punishment¹
