3282 5136
357 331 400 396 96
722 340 775 395 DE
797 338 1088 395 JUREJURANDO.
1331 333 1406 403 [Lus.
1421 336 1462 392 11.

192 533 221 572 ι
229 534 316 580 rm
357 503 456 572 etad
481 503 723 592 Aristophanem
750 503 945 570 scholiastes.
987 503 1039 568 Sio
1063 501 1221 588 Josephus
1245 523 1304 588 per
1329 501 1464 568 salntem

195 581 246 664 iiii.
256 624 300 663 ιιιι
310 625 339 662 ιιι
359 603 562 670 Pharaonis
549 625 673 690 yurasse
695 602 819 691 legitur,
843 624 884 668 ex
907 623 993 666 more
1018 601 1103 689 apud
1125 599 1299 688 AEgyptios
1323 610 1463 687 reoepto,

193 722 263 770 ιιιιι
273 721 322 762 ιι
358 725 451 790 quem
467 702 615 768 ibinotat
631 702 851 778 Abeneedras3
874 701 1023 766 clilisseus
1039 700 1209 787 pervitam
1227 699 1314 768 Elios.
1349 701 1466 786 Neque

359 824 435 868 vero
453 801 560 868 Christ
546 809 596 866 tus
609 803 679 866 Mat
679 800 753 867 thasi
769 823 799 866 r.
816 823 837 866 ιι
840 799 991 886 tquidam
1004 799 1192 875 existimant,
1203 798 1296 863 haee
1283 809 1464 884 juramenta

358 902 428 967 vult
449 901 551 967 minus
576 921 643 966 esse
665 899 748 966 lieita
764 920 858 985 quam
875 921 945 985 quae
966 919 1113 985 expresso
1130 897 1192 964 Dei
1215 898 1339 963 nomine
1363 899 1463 964 finnt:

359 1001 414 1065 sed
431 1022 502 1065 eum
516 998 646 1066 Hebraei
662 1020 700 1064 ea
716 997 817 1064 minus
834 1006 991 1077 curarent,
1009 997 1153 1084 opinione
1169 997 1304 1083 quadam
1321 1019 1383 1061 non
1400 996 1464 1062 dis·

359 1098 450 1164 simili
466 1099 547 1164 illius
563 1098 617 1184 qui
634 1097 723 1175 dixit,
738 1099 929 1183 ὅὁόιιιιινιιοι
946 1119 1009 1162 nou
1021 1109 1123 1182 putat
1135 1119 1200 1163 esee
1212 1099 1308 1172 Deos,
1326 1095 1465 1162 ostendit

360 1199 478 1264 ethaeo
495 1219 562 1263 esse
579 1218 654 1263 uera
669 1196 858 1283 juramenta.
901 1197 984 1261 Nam
1002 1204 1035 1261 et
1051 1195 1204 1282 Ulpianus
1227 1194 1344 1282 optime
1363 1194 1464 1262 dixit:

195 1312 299 1406 3333
293 1311 333 1352 ιιι
366 1299 437 1377 Qus
444 1319 505 1381 per
517 1298 655 1362 salutem
665 1318 761 1362 suam
769 1297 880 1379 jurat,
900 1297 1038 1362 Deum
1015 1318 1134 1380 jurare
1146 1286 1315 1369 videtur
1319 1307 1464 1380 respectu

196 1421 235 1458 ιιη
236 1420 297 1459 ιιι
298 1418 343 1458 ιιι
361 1399 445 1462 euim
468 1398 576 1461 divim*
596 1397 759 1460 Numinis
775 1395 885 1477 juret.
927 1394 978 1460 Sio
996 1393 1139 1460 Christus
1160 1392 1295 1458 ostendit
1315 1414 1386 1458 enm
1409 1392 1464 1479 qui

195 1467 226 1504 ⁹¹
360 1493 509 1581 templum
533 1494 633 1579 jurat,
661 1493 802 1558 Deum
788 1514 898 1579 jurare
924 1492 979 1579 qui
1005 1493 1122 1580 templo
1149 1491 1318 1580 presidem
1346 1501 1380 1558 et
1409 1490 1464 1578 qni

361 1593 484 1669 ooelum,
504 1592 608 1658 Deum
623 1613 677 1678 qm
667 1591 771 1658 ooelo
789 1591 877 1658 uelut
892 1591 1013 1658 insidet

438 1693 459 1756 2
494 1693 538 1759 At
561 1691 692 1757 Hebraei
714 1690 856 1779 magistri
881 1690 1012 1756 istorum
1033 1699 1209 1778 temporum
1232 1689 1462 1766 existimabant,

361 1811 425 1856 non
444 1790 596 1879 obstringi
616 1790 755 1855 homines
773 1789 960 1876 juramentis
981 1810 1040 1876 per
1055 1811 1108 1855 res
1127 1790 1266 1856 eonditas
1282 1790 1382 1867 faotis,
1405 1789 1465 1855 nisi

361 1888 485 1976 adjecta
501 1911 604 1976 poena,
624 1898 661 1954 ut
677 1888 703 1954 si
720 1911 780 1964 res,
801 1889 841 1954 de
858 1910 921 1975 qua
932 1887 1110 1975 jurabatur,
1128 1889 1197 1954 Deo
1219 1897 1464 1955 oonseoraretnr.

362 1991 434 2054 Hoo
450 1988 532 2054 enim
544 1999 592 2055 est
604 1988 814 2074 juramentum
831 1986 967 2080 κορβᾶν,
985 1987 1051 2054 sive
1067 1984 1102 2056 lv
1117 1991 1166 2076 τῷ
1178 1981 1280 2079 δώρῳ,
1298 1987 1385 2074 eujus
1401 2009 1465 2053 non

363 2088 446 2153 dioto
468 2096 591 2154 tantum
611 2086 757 2153 Matthaei
779 2087 854 2163 looo,
881 2087 936 2152 sed
955 2087 988 2152 in
1009 2086 1178 2175 Tyriorum
1199 2108 1324 2173 quoque
1343 2086 1465 2176 legibus

363 2185 478 2251 mentio
494 2186 648 2262 exstabat,
671 2194 709 2251 ut
724 2207 765 2251 ex
780 2185 912 2272 Josephi
928 2195 1039 2252 eontra
1060 2185 1237 2273 Appionem
1253 2186 1464 2272 disputatione

406 2356 535 2404 Elissae
542 2371 589 2416 per
600 2357 674 2402 ιιιοιιι
683 2356 759 2417 utta]
774 2357 845 2404 Adde
856 2371 887 2408 ιι.
936 2361 987 2406 rint
995 2362 1271 2421 rocem,qnsntsrentnr
1279 2359 1310 2405 sd
1318 2371 1400 2404 omnes
1407 2358 1465 2405 Ori-

362 2429 458 2491 Regum
468 2431 500 2476 ir·
511 2433 550 2478 30.
566 2431 637 2477 Cant.
648 2430 673 2476 li.
685 2433 706 2478 i.
938 2436 1000 2481 entis
1006 2435 1109 2495 populos
1119 2433 1278 2494 designandos
1286 2448 1291 2478 :
1299 2433 1465 2492 etlongeante

408 2504 516 2552 ⁶Ovidii
534 2510 579 2564 ast,
605 2505 702 2552 Resusd.
722 2505 803 2552 Διιιοι.
824 2520 886 2554 vers.
937 2514 1034 2570 tempus
1044 2509 1175 2570 juramenti
1190 2509 1254 2555 iilius
1268 2508 1407 2566 introducti,
1417 2521 1465 2553 roa

363 2581 417 2628 784.
446 2580 474 2628 J.
484 2579 518 2629 B.
939 2585 1069 2646 Κιρβάιοι
1078 2587 1103 2632 in
1113 2599 1159 2632 usu
1172 2589 1231 2642 erat,
1244 2599 1318 2644 quum
1331 2584 1466 2644 reperiatur

407 2655 419 2690 l
434 2656 548 2715 Respectus
563 2657 624 2703 euim
638 2657 715 2703 divini
728 2657 887 2716 Numinisju·
938 2661 1003 2719 apud
1009 2660 1157 2721 AEsohylnm‚
1165 2660 1195 2706 ab
1203 2661 1310 2706 Anotera
1322 2659 1375 2716 ipso
1381 2659 1465 2704 landa·

362 2729 415 2790 rat]
432 2729 471 2776 lta
481 2735 506 2778 et
518 2731 647 2778 Gratianus
654 2745 726 2778 eausa
733 2745 804 2780 xxu.
811 2746 889 2792 quaes·
939 2739 999 2782 tum.
1010 2737 1039 2781 In
1051 2735 1166 2796 Euripide
1176 2740 1266 2791 tamen,
1276 2749 1346 2794 quem
1353 2735 1417 2780 idem
1427 2734 1465 2779 in-

363 2804 429 2852 tione
440 2808 461 2852 1.
939 2810 1012 2866 dieat,
1023 2824 1071 2856 non
1081 2811 1188 2870 reperio:
1202 2823 1280 2871 nequa
1292 2810 1357 2856 illam
1372 2810 1466 2856 notavit

408 2880 575 2929 ⁶verisimilis
593 2895 642 2928 non
660 2883 755 2930 ridetur
770 2882 829 2928 mihi
847 2881 890 2928 illa
939 2885 964 2931 in
975 2884 1058 2932 Indiae
1072 2897 1115 2931 sno
1128 2885 1264 2941 Barnesins,
1277 2885 1415 2943 osteroquin
1428 2883 1466 2930 di-

363 2957 515 3018 atymoIogia.
546 2956 631 3018 Neque
638 2957 699 3003 anim
711 2957 890 3004 satnotierant
938 2959 1119 3019 ligentissimns.
1137 2961 1241 3006 Videtur
1250 2959 1345 3007 Auctor
1354 2974 1408 3006 oum
1418 2959 1465 3006 isto

365 3032 889 3092 Graecuveosmtudaet,utsnominejurs·
940 3035 1017 3088 Poeta
1041 3034 1175 3082 contudisse
1201 3035 1274 3081 alium
1298 3035 1464 3092 recentiorem,

363 3107 439 3154 menti
448 3108 512 3166 apud
522 3107 566 3153 hos
575 3107 657 3153 usitati
669 3106 794 3166 illipeters
804 3111 890 3168 potne-
940 3107 1008 3168 enjus
1023 3109 1090 3155 locus
1104 3109 1212 3155 adferttu
1228 3110 1254 3154 in
1271 3109 1372 3166 Lexiois,
1388 3109 1466 3169 Lyeo·

364 3353 403 3424 by
415 3352 463 3408 the
477 3353 528 3408 life
542 3353 576 3408 of
586 3353 726 3419 Pharuoh,
739 3355 881 3427 following
895 3356 945 3411 the
957 3357 1099 3430 Egyptian
1111 3361 1236 3423 ouat0m3
1251 3357 1307 3412 and
1321 3355 1420 3412 Elisha
1434 3362 1465 3412 ιο

364 3438 467 3508 Elijah,
478 3437 519 3493 Aa
533 3440 579 3509 thy
592 3440 651 3493 seul
665 3439 750 3504 lioeth,
765 3447 782 3494 2
795 3441 884 3512 Kings
895 3443 925 3497 ii.
939 3448 964 3498 2.

418 3523 484 3579 And
503 3523 651 3588 christia
667 3525 769 3580 Matth.
784 3543 821 3590 ιι,
833 3527 901 3582 does
916 3535 975 3592 not,
997 3546 1028 3585 as
1051 3547 1128 3586 some
1148 3545 1278 3601 suppose,
1298 3528 1382 3584 teaoh
1400 3528 1465 3584 that

364 3609 445 3664 these
464 3609 546 3664 osths
568 3626 617 3665 are
635 3610 690 3666 lese
708 3612 804 3666 lawful
820 3612 889 3668 than
907 3613 987 3670 those
1001 3616 1031 3668 in
1045 3616 1135 3670 which
1161 3615 1246 3670 God's
1264 3631 1348 3670 name
1369 3615 1393 3669 is
1417 3631 1465 3669 ex·

364 3695 488 3766 pressed,
502 3695 555 3750 but
569 3696 631 3751 that
649 3697 717 3770 they
731 3715 803 3753 were
818 3705 883 3754 true
902 3693 991 3765 ouths,
1005 3700 1113 3772 though
1127 3701 1177 3756 the
1191 3701 1325 3756 Hebreus
1344 3699 1466 3771 thought

364 3797 444 3836 more
454 3781 555 3853 lightly
566 3782 599 3836 of
610 3782 696 3838 them.
721 3783 759 3838 As
768 3785 874 3855 Ulpian
889 3802 960 3857 says,
973 3785 1036 3842 that
1049 3786 1087 3841 he
1101 3787 1163 3841 who
1178 3803 1279 3842 susam
1293 3786 1332 3857 by
1345 3786 1389 3841 his
1404 3802 1466 3841 own

364 3866 510 3933 salvation,
524 3884 624 3924 swears
635 3868 674 3941 by
683 3869 764 3935 God3
782 3887 814 3925 so
827 3870 920 3926 Christ
934 3872 1034 3944 taught
1046 3872 1109 3928 that
1123 3872 1160 3928 he
1175 3873 1237 3926 who
1248 3888 1350 3927 suears
1365 3871 1466 3943 hythe

366 3953 481 4022 temple,
492 3970 525 4007 or
536 3953 574 4024 by
585 3953 702 4020 heaven,
714 3971 815 4010 suears
830 3955 868 4027 by
881 3957 954 4012 (iod.

417 4043 435 4092 2
457 4038 518 4093 The
529 4039 650 4094 Hebron
662 4039 789 4096 teaohera
801 4041 834 4096 of
842 4040 905 4097 that
919 4044 988 4098 time
999 4043 1066 4098 held
1076 4044 1139 4099 that
1150 4032 1298 4100 manirera
1309 4049 1360 4098 not
1369 4041 1466 4097 bound

364 4123 395 4177 in
409 4123 490 4179 oaths
504 4124 534 4178 in
546 4124 635 4180 uhioh
648 4125 715 4197 they
726 4126 783 4181 had
797 4143 889 4182 sworn
906 4128 945 4200 by
962 4129 1076 4184 created
1089 4130 1193 4201 things,
1207 4135 1308 4202 exeept
1321 4129 1371 4184 the
1386 4127 1468 4198 thing

364 4224 456 4264 suom
472 4209 519 4281 by,
540 4226 622 4274 uere,
640 4227 671 4266 aa
690 4228 708 4265 a
727 4213 851 4285 penalty,
871 4215 967 4270 roued
986 4221 1016 4270 to
1032 4215 1105 4271 (iod.
1144 4215 1212 4271 This
1233 4217 1256 4271 is
1276 4215 1326 4270 the
1347 4213 1416 4269 oath
1437 4213 1470 4269 oi

366 4295 483 4359 Certus,
496 4295 586 4350 uhioh
597 4297 620 4351 is
632 4302 683 4351 not
693 4298 760 4369 only
772 4299 936 4355 mentioned
949 4301 980 4356 in
994 4301 1139 4367 Mattheus,
1153 4300 1206 4357 but
1220 4302 1280 4358 also
1294 4317 1350 4356 uas
1364 4300 1467 4354 known

364 4386 395 4436 to
404 4381 453 4438 the
462 4382 588 4454 Tyrians,
597 4399 627 4438 as
641 4400 682 4438 ue
693 4384 772 4438 leam
786 4385 861 4440 from
871 4387 1011 4459 Josephus
1023 4389 1132 4458 against
1140 4386 1263 4460 Appion.
1301 4387 1365 4442 And
1377 4384 1468 4440 henoe

362 4466 379 4522 1
397 4483 518 4540 suppose
537 4468 586 4524 the
600 4470 721 4525 oriental
739 4471 855 4543 peoples
869 4488 943 4528 were
959 4473 1049 4530 called
1063 4473 1202 4540 Karidai,
1221 4489 1252 4532 as
1270 4473 1301 4530 in
1316 4471 1468 4544 AEsohylns
