3298 5128
221 365 290 421 Cur.
303 359 426 428 XVllI.]
503 350 511 366 ’
534 361 586 414 DE
609 357 867 415 LEGATIONUM
888 360 995 414 JURE.
1259 355 1319 416 201
1336 417 1342 426 ,

221 527 328 594 ditum.
380 527 495 591 Restat
517 522 675 590 veniamus
695 523 738 589 ad
760 522 965 611 obligationes
984 545 1061 611 quas
1084 524 1184 611 ipsum
1207 547 1266 614 per
1288 549 1322 594 se

215 627 269 714 jus
285 625 362 692 illud
379 624 530 714 gentium,
549 623 632 710 quod
653 620 859 688 voluntarium
884 621 1021 701 dicimus,
1045 623 1187 690 induxit:
1210 626 1321 710 quoin

220 747 337 814 genere
363 723 567 810 ¹praeoipuum
593 731 641 788 est
665 731 759 808 caput
782 721 822 786 de
850 721 923 808 jure
951 721 1153 811 legationum.
1203 724 1322 788 Passim

222 825 302 890 enim
325 823 458 913 legimus
474 843 564 888 sacra
580 821 780 909 legationum,
798 819 1049 887 ⁸sanctimoniam
1070 822 1256 910 legatorum,
1269 822 1322 909 jus

221 924 360 1013 gentium
377 922 437 988 illis
454 920 603 998 debitum,
616 920 669 1007 jus
691 919 830 986 diuinum
847 920 1096 1007 humanumque:
1119 929 1258 988 sanctum
1275 922 1322 986 in-

221 1035 271 1089 ter
288 1031 399 1112 gentes
407 1021 461 1108 jus
475 1019 674 1110 legationum,
690 1018 801 1085 federa
816 1029 924 1085 sancta
941 1020 1095 1109 gentibus,
1108 1020 1197 1086 fedus
1213 1021 1322 1086 huma-

221 1145 315 1188 num:
334 1130 441 1188 sancta
457 1140 589 1206 corpora
604 1119 799 1207 legatorum:
820 1117 950 1205 Papinio
967 1121 1145 1204 (Thebaid.
1162 1141 1195 1185 11.
1208 1122 1308 1206 486):

481 1239 617 1294 Sanctum
634 1238 745 1310 populis
766 1255 819 1310 per
836 1238 937 1293 smcula
958 1255 1071 1294 nomen.

224 1340 332 1406 Cicero
346 1338 385 1404 de
397 1336 595 1424 haruspicum
615 1335 789 1424 responsis:
816 1337 874 1401 Sic
890 1339 975 1402 enim
997 1339 1109 1412 sentio,
1125 1337 1184 1421 jue
1203 1342 1321 1424 legato·
1334 1355 1382 1406 ctu
1393 1357 1422 1395 ¹⁶

222 1462 296 1504 rum
324 1461 397 1504 cum
418 1439 583 1502 hominum
605 1437 766 1520 prasidio
794 1438 964 1512 munirem,
992 1438 1184 1501 tumetium
1209 1442 1322 1506 diuino

215 1539 293 1623 jare
309 1539 560 1604 essentiarum.
603 1536 714 1619 Itaque
731 1534 790 1599 hoc
813 1532 929 1598 violare
943 1557 1006 1600 nou
1026 1535 1175 1622 injustum
1199 1548 1322 1605 tautum

222 1658 299 1714 esse,
330 1629 405 1703 ”sed
433 1644 466 1702 et
490 1633 618 1722 impium
644 1632 778 1699 omnium
806 1633 1005 1711 consessione,
1029 1634 1075 1700 ait
1102 1633 1265 1725 Philippus
1290 1638 1323 1704 iu

222 1736 354 1824 epistola
369 1736 409 1802 ad
426 1733 642 1801 Athenienses.
1335 1745 1486 1841 musea

223 1897 327 1944 timonis.
370 1895 445 1956 Apud
476 1893 603 1956 Pupiniam
637 1892 691 1940 Lib.
718 1906 746 1939 11.
797 1891 1189 1954 mensemqutmdsasom
1203 1895 1323 1942 Metilium

222 1971 312 2032 (Theb.
321 1970 459 2031 ueremi:
797 1966 1067 2028 efficientem-merum.
1097 1971 1244 2017 Intermere
1258 1984 1324 2016 mm-

382 2046 573 2094 :nequem-m
798 2041 1244 2104 querclaleqctiopaeiseequestraest.
1268 2044 1323 2090 Eu·

321 2107 403 2156 legato
798 2115 834 2161 uit
843 2115 930 2162 hortem
939 2117 981 2176 qui
991 2117 1106 2178 legatione
1107 2119 1233 2179 fungitur.
1261 2119 1324 2166 Vide

224 2188 419 2249 chrysostomus:
435 2187 477 2234 xci
487 2187 541 2234 etet
552 2189 599 2235 τὸν
612 2189 694 2236 κοινὸν
707 2188 748 2234 ui·
798 2195 823 2236 et
833 2189 980 2238 liudericum
991 2193 1016 2237 in
1022 2193 1161 2251 appendice.
1179 2194 1219 2240 De
1224 2194 1324 2240 Potoni:

222 2280 268 2322 μον
277 2261 427 2321 ᾐδέσθησαν,
442 2259 508 2308 ὅτιὸ
522 2261 668 2321 πρεσβεύων
682 2261 748 2308 oidi-
797 2263 852 2310 vide
869 2265 1010 2312 Crumerum
1030 2266 1092 2312 libro
1105 2279 1152 2312 xx.
1175 2266 1216 2314 De
1236 2267 1324 2315 hiereis

222 2335 394 2396 ποτιτᾶσχιι
405 2354 432 2382 τι
442 2335 526 2383 κακόν·
536 2349 564 2381 ne
574 2349 691 2383 eorumne
697 2336 748 2396 qui-
798 2339 969 2386 Leunelsvium
983 2340 1046 2386 libro
1061 2354 1119 2388 vrrr.
1136 2346 1162 2388 et
1177 2343 1240 2388 libro
1256 2356 1325 2392 xvrr.

222 2411 324 2471 denisce
332 2411 449 2457 hominum
458 2412 554 2458 reveriti
562 2415 623 2468 nar,
638 2411 748 2471 qeoeru-
798 2415 838 2460 De
852 2414 951 2462 Maur-ie
967 2415 1099 2462 Mmieuem
1115 2416 1177 2463 libro
1186 2430 1237 2464 111.
1256 2431 1279 2466 c.
1287 2420 1323 2464 14.

223 2487 463 2548 toeproestutlegatoe
476 2487 579 2534 uberum
591 2487 662 2533 saulo.
693 2487 749 2533 Ser·
799 2489 1033 2551 [ApudNerrouem
1059 2505 1107 2537 uon
1130 2497 1228 2540 exstent
1244 2495 1324 2551 verbu,

223 2561 275 2607 rius
292 2562 324 2608 ed
341 2574 382 2609 xr.
397 2562 515 2609 AEneidos
536 2559 696 2623 (vers.101):
718 2561 749 2607 ab
798 2579 853 2626 quse
872 2571 995 2626 tamquam
1015 2581 1045 2613 ex
1064 2567 1108 2614 illo
1126 2567 1206 2615 adfert
1223 2572 1325 2626 Auctor,

223 2637 286 2682 enni
301 2635 393 2695 inuria
411 2636 547 2695 teetisjure
565 2637 675 2697 godium.
711 2635 749 2683 Ne
798 2638 862 2685 circs
883 2638 979 2685 initium
1001 2638 1073 2685 Noton
1095 2639 1172 2687 istius.
1209 2639 1324 2687 Errorem

224 2711 305 2757 omnin
315 2712 369 2758 locs
379 2715 482 2768 euoteru,
492 2711 554 2757 udde
563 2711 655 2756 Livium
668 2709 719 2757 Lib.
730 2723 749 2756 r.
798 2713 901 2759 bunsite
911 2718 969 2759 note
980 2713 1079 2774 Dionys.
1095 2715 1238 2762 demonem
1254 2717 1279 2762 iu
1296 2716 1325 2765 L.

224 2785 253 2831 de
282 2785 448 2842 Laurentibus,
482 2784 548 2845 (cap.
572 2783 613 2852 14)
646 2784 749 2832 Dionem
799 2785 875 2832 171).
896 2785 1069 2846 Dehgatioe.
1085 2787 1126 2832 nbi
1142 2787 1181 2834 hic
1193 2802 1238 2849 pro
1247 2789 1327 2835 verbis

226 2859 422 2918 chrysostomum
433 2860 462 2906 de
470 2859 750 2920 LegeetConeuetudine,
799 2859 915 2905 Varronis
935 2860 1026 2918 laudnt,
1051 2861 1116 2920 quod
1137 2861 1248 2922 Cuiuuius
1267 2863 1327 2910 dicit

225 2933 345 2980 Velleium
372 2934 525 2981 Paterculnm
550 2933 619 2980 initio
649 2934 702 2980 Lib.
720 2946 750 2981 rr.
802 2934 897 2980 Obrern.
908 2946 957 2980 xrr.
969 2937 991 2981 ὅ.
1003 2940 1060 2993 post
1069 2935 1199 2981 indicatum
1210 2937 1327 2984 Varronis

226 3007 383 3054 Menandrum
395 3009 569 3062 homctcrem,
580 3008 653 3069 (lixo.
664 3008 750 3066 Legat.
799 3008 962 3069 fragmentum
977 3007 1054 3055 elib.
1067 3020 1107 3054 rrr.
1123 3009 1163 3055 De
1176 3009 1232 3056 ihre
1241 3011 1326 3070 popuii

226 3083 268 3143 19)
287 3082 420 3144 Epistolem
436 3083 522 3130 Felicis
539 3084 570 3129 ed
586 3084 707 3129 Zenonem
725 3083 751 3128 in
800 3083 869 3128 Rom.
886 3083 950 3142 quod
963 3082 1066 3128 emunit
1081 3081 1186 3130 Neurus
1202 3083 1327 3130 mosn-

225 3157 357 3219 eppeudloe
376 3159 464 3205 codicis
484 3158 643 3204 Theodoeienl
661 3158 718 3204 dats
736 3171 752 3203 s
800 3171 855 3215 uus,
867 3172 892 3218 p.
902 3157 956 3207 ⁶29.
973 3157 1152 3204 Edithiereer.
1180 3157 1256 3218 Apud
1266 3159 1325 3205 Vel·

226 3233 362 3280 Sirmundo.
370 3233 463 3280 Totilss
468 3234 533 3293 apud
540 3232 683 3292 Procopium
692 3231 752 3279 Got-
799 3235 873 3280 leinm
883 3233 1037 3280 Peter-culum
1048 3233 1129 3291 etism,
1142 3234 1196 3281 Lib.
1205 3247 1233 3281 ιι.
1245 3237 1326 3294 capt.

227 3309 341 3355 thiemm
355 3321 394 3355 ιιι.
419 3310 485 3356 πᾶσι
500 3308 553 3369 μὲν,
570 3308 602 3354 oie
617 3307 660 3354 tri
676 3307 752 3354 πλεῖ·
800 3309 876 3366 initio,
887 3309 945 3354 nihil
957 3309 1065 3369 estquod
1074 3309 1121 3356 huc
1132 3309 1327 3367 inclututhuc·

227 3400 292 3431 error
301 3385 390 3442 eleeto,
406 3383 478 3443 νόμοι
486 3382 630 3444 βαρβάροις,
645 3383 678 3429 τὸ
689 3385 751 3444 χρῆ·
801 3383 1135 3444 seripseloeumillumjuxte
1140 3398 1328 3443 remmseueum,

226 3477 262 3518 μα
277 3460 330 3504 τῶν
343 3457 474 3518 τρωβὲαν
488 3457 579 3517 σέβειν·
600 3458 712 3515 omnibus,
726 3461 752 3504 us
801 3473 875 3520 supra
883 3459 980 3516 adtulit,
994 3473 1047 3520 cap.
1059 3474 1098 3506 xv.
1109 3459 1123 3521 5
1136 3461 1173 3508 16.
1184 3473 1249 3506 num.
1263 3463 1289 3520 2.
1302 3461 1327 3506 iu

226 3534 355 3595 generatim
366 3534 459 3593 icquar,
474 3533 586 3579 barbarie
601 3547 650 3578 moe
662 3532 753 3593 legator
801 3533 856 3580 tine.
878 3533 957 3580 Loeue
967 3534 1089 3581 Ciceronis
1097 3549 1146 3581 non
1152 3539 1189 3582 est
1195 3549 1225 3582 ex
1232 3535 1329 3582 vernn.

226 3610 344 3656 mari.
365 3609 441 3670 (Cep.
449 3607 502 3667 16.)
528 3609 596 3654 Idem
606 3608 636 3654 de
646 3607 753 3653 harbure
802 3621 844 3654 rrr.
854 3607 896 3654 sed
907 3607 982 3654 eLib.
994 3621 1012 3655 1.
1023 3608 1048 3654 iu
1059 3607 1129 3656 Verr.
1143 3624 1162 3656 c.
1170 3611 1208 3656 33.
1219 3614 1244 3655 et
1252 3609 1330 3669 prime

227 3684 287 3730 dixit
303 3682 524 3743 Senineburgeusis.
555 3682 681 3729 Aimoniue
701 3681 753 3742 regi
802 3683 874 3729 etiem
892 3683 943 3742 ejus
958 3683 1033 3730 uerba
1049 3685 1128 3742 petits
1143 3690 1200 3731 suut
1213 3699 1243 3731 ex
1260 3683 1329 3732 Orat.

229 3759 357 3806 Ciodormo
370 3759 422 3805 luec
435 3758 500 3804 dicta
509 3757 608 3804 tribuit:
624 3757 664 3804 Ad
678 3761 756 3802 entre·
803 3757 843 3804 De
852 3757 983 3817 Harurpie.
995 3757 1109 3817 Respone.
1120 3773 1172 3819 cap.
1180 3760 1216 3807 16.
1247 3757 1329 3818 J.B.]

227 3849 287 3880 nure
294 3849 342 3894 pro
351 3834 439 3880 dicistis
448 3832 519 3879 simul
529 3832 683 3892 humanisque
693 3832 753 3892 legi·
848 3832 859 3866 ὓ
875 3831 924 3879 Sed
932 3837 954 3879 st
964 3831 1074 3892 impiare]
1084 3833 1179 3894 Ἔργον
1188 3831 1285 3894 ductile,
1296 3835 1331 3880 eit

228 3909 278 3967 bru,
292 3909 501 3970 wimerimm
514 3909 624 3955 insusurres
637 3908 754 3965 smmum,
803 3908 948 3954 Plutarchus
970 3907 995 3954 in
1023 3907 1078 3955 lita
1098 3909 1204 3968 AEmue,
1232 3920 1331 3956 uerrunt
1421 3903 1424 3909 ’

229 4176 271 4214 we
285 4159 339 4214 call
357 4159 407 4216 the
426 4160 579 4216 Instituted
599 4161 664 4215 Isau
680 4159 715 4214 oi
732 4159 853 4216 Natione
874 4160 925 4215 hae
946 4161 979 4216 oi
1001 4161 1080 4216 itseli
1093 4163 1276 4217 introduced:
1300 4163 1331 4216 in

229 4245 319 4301 which
338 4246 417 4312 class,
436 4245 486 4301 the
505 4247 643 4318 principel
665 4245 739 4308 head
763 4248 786 4302 is
806 4246 855 4303 the
871 4246 961 4318 Rigbt
981 4247 1014 4302 oi
1032 4247 1178 4318 Legericn.
1213 4247 1271 4300 For
1289 4263 1331 4301 we

229 4331 406 4403 everywhere
421 4331 488 4387 read
512 4332 545 4387 ci
562 4331 612 4388 the
634 4345 785 4387 reverende
808 4333 852 4387 ior
866 4333 1033 4396 Emheseies‚
1054 4331 1104 4387 the
1119 4331 1281 4387 secrednees
1301 4331 1336 4386 ot

228 4417 446 4483 Ambaeeadcrs3
468 4417 517 4472 tho
534 4417 635 4488 Rights
654 4417 687 4472 oi
700 4417 822 4474 Natious
837 4417 940 4490 lodged
955 4419 984 4472 iu
1002 4416 1080 4472 them
1098 4417 1136 4488 by
1153 4417 1256 4471 Divino
1274 4417 1332 4471 aud

228 4503 343 4558 Humau
358 4503 442 4569 Lau:
464 4503 503 4557 all
517 4503 607 4558 which
621 4504 724 4574 belong
740 4509 770 4560 to
791 4504 871 4560 those
887 4501 1037 4558 Instituted
1052 4502 1148 4568 Laws:
1169 4501 1235 4556 with
1250 4501 1333 4558 other
