3228 5136
192 361 261 417 om.
275 357 344 426 xa]
598 358 650 411 nn
672 357 885 415 Pnou1ss1s.
1253 352 1296 422 37

192 526 240 589 od
264 524 303 587 id
319 521 550 608 praetendam
576 541 635 586 noe
662 522 747 608 qaod
773 522 880 587 olisai
902 524 1118 608 promisimus
1141 525 1295 611 obligat?

191 623 237 688 ait
254 621 374 688 Seneca
390 620 431 686 de
446 619 517 708 lege
539 618 677 686 humana
700 628 733 685 et
749 611 915 708 ‘promisso
938 643 1001 688 nou
1023 622 1193 690 solenniter
1209 624 1292 692 facto
1304 635 1442 720 {pam

189 720 329 808 loquens.

268 824 290 886 3
324 821 459 886 Possunt
486 827 590 887 autem
617 819 803 887 naturaliter
828 821 992 888 deliberati
1018 822 1113 888 animi
1136 822 1199 889 alia
1223 846 1291 890 esse

191 918 282 1008 sigua
299 927 418 1006 praeter
440 919 680 1006 stipulationem,
698 927 754 986 aut
777 919 804 986 si
824 921 899 1008 quid
919 921 949 987 ei
965 921 1064 988 simile
1080 924 1122 989 ad
1138 923 1290 989 actionem

191 1019 377 1107 pariendam
403 1017 455 1083 lex
477 1018 575 1084 civilis
597 1018 742 1106 postulat
795 1021 888 1099 Quod
911 1029 1016 1087 autem
1041 1022 1078 1088 fit
1100 1021 1203 1087 animo
1226 1045 1290 1088 uon

191 1117 374 1194 deliberato,
402 1117 435 1183 id
459 1139 517 1184 nos
546 1139 669 1205 quoque
697 1117 739 1183 ad
765 1118 828 1184 vim
856 1119 1014 1208 obligandi
1042 1143 1106 1186 non
1136 1121 1290 1188 oredimus

190 1216 368 1305 pertinere;
395 1217 478 1303 quod
500 1225 533 1284 et
556 1217 790 1303 Theophrastus
812 1218 893 1284 libro
910 1221 951 1285 de
967 1219 1088 1307 legibus
1105 1229 1288 1288 notaveratr
1301 1227 1430 1316 gggflffgb

190 1316 252 1382 imo
268 1324 302 1382 et
318 1317 400 1402 quod
426 1316 598 1383 deliberato
618 1316 664 1394 fit,
682 1316 737 1382 sed
760 1338 822 1383 non
839 1339 876 1384 eo
893 1318 996 1384 animo
1013 1327 1049 1385 ut
1059 1318 1113 1405 jus
1128 1319 1288 1406 proprium

191 1416 341 1482 eonoedat
365 1415 466 1494 alteri,
490 1438 531 1482 ex
553 1437 590 1481 eo
615 1437 764 1504 negamus
782 1415 835 1504 jus
860 1417 1006 1506 exigendi
1031 1418 1174 1505 cuiquam
1198 1427 1288 1486 natu-

191 1515 301 1582 raliter
325 1515 404 1593 dari,
432 1535 609 1603 quanquam
634 1537 697 1580 non
725 1515 821 1582 solam
846 1516 920 1583 hine
944 1519 1148 1596 honestatem,
1175 1518 1288 1585 sedet

192 1614 406 1682 necessitatem
435 1615 591 1702 quandam
620 1615 769 1680 moralem
799 1616 883 1682 nasei
912 1616 1117 1706 agnoscimus.
1169 1615 1221 1684 De
1250 1639 1288 1684 eo

191 1724 295 1781 ιιιιιοιιι
312 1715 395 1802 quod
409 1737 449 1780 ex
470 1714 619 1782 Cicerone
632 1714 797 1781 adducitur
809 1737 938 1804 agemus
959 1715 1051 1794 infra,
1068 1716 1122 1782 ubi
1135 1715 1175 1782 de
1191 1717 1288 1783 inter-

191 1814 367 1903 pretatione
383 1822 543 1903 paotorum
564 1836 665 1880 sermo
689 1813 760 1880 erit.
813 1816 877 1882 Sed
899 1837 971 1903 qua
993 1815 1035 1882 ad
1051 1815 1198 1903 perieotae
1214 1837 1288 1903 pro-

193 1913 343 1980 missionis
358 1913 420 1981 vim
437 1913 654 2002 irequirantur
672 1913 842 1980 videamus.

268 2015 309 2081 V.
359 2016 377 2079 1
412 2014 551 2080 Primum
574 2012 744 2100 requiritur
767 2034 841 2079 usus
857 2011 1006 2080 rationis:
1030 2012 1102 2080 ideo
1118 2021 1152 2080 et
1167 2011 1287 2091 furiosi,

192 2121 226 2178 et
241 2114 380 2191 amentis,
398 2123 431 2180 et
446 2113 574 2180 infautia
595 2112 682 2180 nulla
704 2121 752 2178 est
767 2111 939 2199 promissio.
990 2112 1084 2179 Aliud
1101 2113 1287 2180 oeusendum

190 2212 231 2278 de
247 2213 427 2292 minoribus,
445 2213 478 2278 hi
502 2212 585 2278 enim
608 2211 667 2279 etsi
686 2233 749 2277 non
771 2213 847 2282 satis
867 2213 989 2278 firmum
1002 2211 1153 2300 judioium
1169 2212 1288 2278 habere

190 2313 370 2396 ereduntur,
389 2321 426 2379 ut
447 2321 480 2379 et
504 2312 649 2389 foemiuae,
670 2311 704 2378 id
726 2319 832 2378 minen
856 2333 914 2378 neo
937 2320 1123 2404 perpetuum
1146 2321 1204 2390 est,
1230 2333 1288 2378 neo

188 2432 247 2498 per
262 2433 297 2477 se
313 2412 423 2478 suffieit
439 2413 480 2478 ad
496 2422 583 2478 aetus
599 2411 661 2477 rim
679 2410 861 2476 elidendam.

265 2513 286 2575 2
322 2511 455 2590 Quando
482 2519 588 2577 autem
615 2531 695 2597 puer
719 2510 840 2577 ratione
865 2510 912 2576 uti
938 2509 1074 2599 inoipiat,
1095 2533 1159 2578 uon
1184 2518 1290 2600 potest

188 2685 250 2732 eeer
263 2685 325 2732 aaa
334 2684 713 2734 Ronmsaetioaoanoseitsrr.
762 2685 868 2743 sponsio,
893 2685 1022 2732 verborum
1047 2683 1178 2732 solennitas
1201 2684 1289 2731 dieitur

189 2759 238 2820 51.
763 2750 849 2817 Paulo,
865 2757 919 2807 Lib.
938 2763 962 2808 ι’.
993 2759 1175 2818 Sententiarum,
1189 2757 1251 2820 (Tit.
1264 2759 1288 2807 7.

234 2832 295 2880 lDe
304 2833 423 2893 promisso
440 2847 486 2879 noa
499 2833 632 2880 soleasaiter
641 2833 713 2894 sueto
764 2837 781 2898 ἓ
797 2836 831 2896 1.)
850 2841 876 2883 s't
891 2837 950 2884 Caio
964 2837 1036 2883 titulo
1052 2837 1083 2883 ds
1102 2837 1289 2897 obligationibus

191 2907 297 2969 loquens]
316 2908 345 2954 ld
356 2914 401 2966 set,
415 2921 571 2968 nonsponso.
609 2909 648 2954 Sio
661 2909 713 2967 epi·
763 2925 857 2972 quassa
868 2911 1066 2960 eonsensnfiunt.
1082 2912 1123 2972 (ιι.
1134 2911 1206 2972 tat.)

192 2983 254 3029 stola
262 2995 318 3030 xlx.
332 2983 472 3043 distinguite
488 2983 547 3030 Jam
556 2997 603 3029 aaa
615 2982 715 3042 proisit-
807 2980 818 3010 ³
833 2981 923 3028 Couim
930 2981 1098 3029 Puraanoar.
1109 2982 1148 3028 De
1156 2982 1218 3030 Jars
1227 2981 1287 3030 Nat.

191 3065 242 3108 trust
254 3059 283 3106 dr
297 3065 324 3118 ts,
340 3058 383 3106 secl
393 3058 514 3118 spondent.
545 3059 715 3118 ssipuurusss
763 3061 786 3103 st
797 3055 1134 3116 Genuum,1.ib.111.eap.vi
1160 3056 1228 3103 Μ.

248 3313 265 3363 s
293 3307 385 3363 There
408 3325 482 3381 may,
501 3308 639 3375 however,
663 3309 701 3381 by
720 3306 843 3364 Natural
859 3307 934 3371 Lau,
958 3305 996 3360 be
1016 3303 1099 3360 other
1119 3303 1195 3375 signs
1221 3301 1255 3357 of
1271 3319 1290 3357 a

190 3391 345 3448 deliberate
365 3410 496 3466 pmpose,
513 3395 623 3451 besides
642 3394 692 3450 the
707 3394 850 3466 formality
868 3393 902 3447 of
917 3391 1085 3463 stipatnttoa,
1099 3406 1133 3445 or
1152 3388 1290 3461 anything

190 3479 248 3533 else
267 3479 358 3534 whieh
372 3479 421 3534 the
446 3481 517 3535 civil
531 3481 598 3535 law
618 3481 788 3552 requireres
803 3496 822 3534 a
841 3478 952 3550 ground
965 3477 1012 3532 ior
1026 3493 1063 3532 an
1083 3475 1186 3530 aetion.
1231 3475 1290 3529 Βιιι

189 3563 264 3618 what
281 3565 304 3619 is
319 3565 393 3621 done
406 3573 457 3620 not
471 3566 505 3620 of
516 3566 670 3622 deliberate
683 3566 831 3630 intention,
846 3579 887 3618 tre
901 3564 960 3619 also
975 3563 1012 3618 do
1026 3567 1077 3617 not
1090 3560 1159 3615 bold
1173 3565 1204 3616 to
1218 3560 1290 3615 hare

188 3648 239 3704 the
252 3649 330 3705 ioroe
346 3650 380 3705 oi
395 3651 558 3722 obligatior,
578 3669 609 3708 as
623 3651 833 3722 Theophrastus
855 3650 914 3704 also
928 3648 985 3703 had
1000 3647 1094 3702 noted.
1139 3645 1204 3700 And
1219 3661 1291 3700 eren

189 3751 220 3790 ss
241 3741 272 3790 ιο
289 3735 354 3792 that
371 3736 502 3792 whiohis
522 3737 596 3793 done
615 3736 683 3792 with
698 3737 852 3792 deliberate
871 3735 1020 3799 intention,
1037 3733 1090 3788 but
1110 3737 1162 3786 not
1183 3731 1251 3786 with
1273 3747 1291 3786 a

188 3837 311 3892 purpose
323 3821 357 3876 of
367 3823 521 3894 coneeding
535 3839 668 3895 aproper
678 3822 755 3894 right
765 3827 797 3877 ιο
810 3819 939 3886 another,
955 3836 997 3875 we
1013 3819 1087 3888 deny
1099 3816 1163 3871 that
1173 3817 1197 3870 it
1211 3818 1289 3888 gives

187 3913 220 3960 to
234 3923 290 3978 any
304 3922 359 3961 one
377 3923 395 3962 s
410 3908 487 3978 right
506 3908 540 3964 of
555 3909 727 3979 demanding
744 3907 793 3964 the
807 3905 1003 3979 performanoo
1017 3905 1056 3977 by
1069 3902 1191 3958 Natural
1204 3903 1289 3960 Ιιιιιιι

189 3991 306 4063 though,
324 3993 355 4046 in
369 3991 425 4048 this
444 4009 516 4058 oasa,
529 4011 572 4049 we
586 3995 668 4049 allow
687 3993 750 4049 that
767 3997 819 4048 not
833 3991 901 4063 only
914 4007 933 4045 a
946 3991 1100 4064 propriety,
1113 3988 1166 4044 but
1180 4004 1252 4043 eren
1270 4005 1290 4044 a

188 4078 279 4131 moral
292 4079 431 4151 neeessity
445 4080 539 4134 arisea

246 4163 286 4218 ss
299 4169 331 4218 to
344 4163 420 4220 what
432 4165 457 4220 is
478 4165 607 4221 addueed
620 4165 695 4220 l'rom
716 4165 823 4229 Cicero,
840 4180 882 4220 we
902 4162 975 4220 shall
993 4168 1068 4222 treet
1086 4161 1187 4226 below,
1207 4158 1288 4214 when

189 4263 231 4302 we
244 4247 316 4304 hare
327 4255 358 4304 to
370 4251 457 4322 speak
471 4250 505 4306 ol'
514 4250 563 4306 the
577 4251 794 4323 interpretation
806 4250 840 4305 ot
847 4255 937 4323 paots.

245 4334 282 4388 V.
328 4335 386 4390 But
404 4335 445 4391 let
459 4353 492 4392 us
506 4352 553 4393 see
566 4336 642 4392 what
656 4338 812 4394 conditione
831 4353 880 4394 are
900 4333 1032 4408 required
1051 4339 1082 4390 to
1100 4333 1224 4406 produce
1238 4329 1289 4386 the

188 4419 267 4476 toros
279 4419 313 4475 of
324 4437 342 4475 a
353 4421 462 4494 perteet
473 4423 603 4495 promise.

248 4511 263 4560 1
292 4506 366 4564 llirst
384 4507 465 4565 there
482 4509 648 4583 isrequired
660 4509 769 4568 theuso
787 4510 821 4568 ot
835 4525 951 4568 resson:
974 4505 1030 4563 and
1046 4504 1189 4561 therefore
1209 4501 1288 4557 mad-
