3228 5136
303 1057 538 1123 VOLUMINII
566 1057 773 1124 SECUNDO
799 1057 1117 1125 CONTINENTUR

506 1226 657 1286 LIBRI
682 1225 912 1286 SECUNDI

547 1431 675 1478 curlus.
696 1431 865 1478 1x-xxv1.

192 1629 257 1687 IX.
317 1625 440 1696 Quando
453 1626 573 1704 Imperia
586 1627 632 1685 vel
645 1626 772 1686 dominis
785 1625 931 1686 desinont.
975 1673 981 1686 .
1062 1668 1069 1681 .
1150 1667 1157 1682 .

202 1731 247 1789 X.
315 1729 362 1789 Do
375 1728 547 1806 obligatione
559 1749 625 1806 quae
643 1749 679 1788 ox
693 1728 819 1788 dominio
833 1729 923 1789 oritur
1013 1768 1019 1781 ·

192 1832 256 1890 XI.
317 1832 362 1891 De
376 1829 528 1890 Promissis

183 1933 266 1994 XII.
318 1935 363 1993 De
376 1934 579 1993 contractibus

171 2035 274 2097 XIII.
320 2037 364 2114 Do
381 2035 575 2114 Jurojurondo
617 2073 1156 2093 .......
1217 2033 1257 2092 83

176 2139 273 2201 XIV.
320 2139 364 2199 Do
377 2158 475 2198 sorum
489 2138 540 2218 qui
555 2157 702 2198 summum
721 2136 873 2214 imperium
888 2137 995 2197 habent
1012 2136 1159 2215 promissis

356 2249 384 2302 et
398 2241 590 2302 contractibus
603 2247 633 2301 st
642 2240 843 2319 juramentis.
924 2285 931 2298 .
1012 2282 1020 2297 .
1101 2285 1107 2298 .
1199 2239 1256 2298 112

186 2344 265 2403 XV.
317 2344 362 2402 De
375 2343 578 2403 Fodoribusso
595 2341 801 2420 sponsionibus
884 2383 890 2395 .
973 2383 980 2396 .
1060 2384 1068 2402 .
1150 2383 1156 2396 .
1198 2339 1256 2400 128

174 2446 272 2506 XVI.
316 2445 363 2504 Do
378 2444 614 2524 interpretatione
657 2485 1106 2504 ......
1200 2445 1255 2504 155

162 2549 279 2609 XVII.
318 2549 363 2608 Do
387 2549 492 2608 domno
514 2568 563 2626 per
585 2546 725 2626 Injurism
745 2547 822 2616 doto,
844 2554 873 2606 et
887 2547 1070 2625 obligations
1092 2569 1156 2626 quoe

354 2649 418 2710 indo
432 2650 533 2710 Oritur
623 2691 1156 2707 .......
1198 2650 1256 2710 188

150 2754 285 2816 XVIII.
317 2754 363 2812 Do
376 2753 566 2830 logationum
579 2755 651 2812 Jurs

170 2857 272 2918 XIX.
317 2856 446 2916 Danro
460 2855 620 2933 Sepulturae

182 2959 265 3020 XX.
319 2957 365 3017 Do
380 2957 477 3017 Posnis

170 3060 272 3121 XXI.
318 3060 363 3120 Do
379 3059 534 3120 Poennrum
549 3058 815 3120 communicatione
887 3100 892 3112 .
975 3097 981 3110 ·
1063 3099 1069 3112 .
1150 3098 1156 3111 .
1196 3057 1256 3116 339

163 3161 283 3224 XXII.
317 3163 363 3221 De
377 3163 479 3223 Cumis
493 3161 615 3238 injustis
661 3199 1106 3217 ......
1196 3156 1256 3227 378

149 3264 287 3326 XXIII.
319 3265 364 3323 De
377 3264 480 3324 Gnosis
494 3263 601 3323 Dubiis
621 3303 1154 3320 .......
1196 3264 1255 3322 396

148 3366 283 3428 XXIV.
315 3367 428 3426 Monits
451 3366 563 3426 deuon
585 3372 690 3426 temero
710 3367 796 3426 otium
816 3387 851 3426 ex
874 3366 963 3444 justis
985 3366 1077 3426 oouois
1094 3385 1156 3426 sus-

354 3468 483 3546 oipisndo
498 3469 580 3527 Bello

161 3571 278 3632 XXV.
314 3570 359 3630 Do
373 3571 476 3630 Osusis
490 3571 555 3630 belli
570 3591 621 3649 pro
635 3570 698 3631 aliis
712 3571 883 3649 suscipiendi
972 3612 978 3625 .
1061 3613 1066 3625 .
1148 3612 1155 3626 .

149 3674 288 3755 XXVI.
317 3674 362 3732 Do
376 3674 477 3734 Osnsis
497 3673 585 3750 justis
603 3680 636 3732 ut
656 3673 763 3734 bellum
783 3681 900 3752 geratur
917 3674 954 3734 ab
972 3675 1017 3735 his
1031 3675 1081 3753 qui
1102 3675 1156 3736 sub

353 3775 443 3836 alieno
456 3775 575 3854 imperio
590 3783 657 3836 sunt
