<?xml version="1.0" encoding="UTF-8"?>
<!DOCTYPE html PUBLIC "-//W3C//DTD XHTML 1.0 Transitional//EN"
    "http://www.w3.org/TR/xhtml1/DTD/xhtml1-transitional.dtd">
<html xmlns="http://www.w3.org/1999/xhtml" xml:lang="en" lang="en">
 <head>
  <title>
</title>
<meta http-equiv="Content-Type" content="text/html;charset=utf-8" />
  <meta name='ocr-system' content='tesseract 3.04.00' />
  <meta name='ocr-capabilities' content='ocr_page ocr_carea ocr_par ocr_line ocrx_word'/>
</head>
<body>
  <div class='ocr_page' id='page_1' title='image "./hugonisgrotiide07barbgoog_0066.png"; bbox 0 0 3228 5136; ppageno 0'>
   <div class='ocr_carea' id='block_1_1' title="bbox 336 337 1436 414">
    <p class='ocr_par' dir='ltr' id='par_1_1' title="bbox 336 337 1436 414">
     <span class='ocr_line' id='line_1_1' title="bbox 336 337 1436 414; baseline -0.002 -11"><span class='ocrx_word' id='word_1_1' title='bbox 336 337 378 403; x_wconf 78' lang='grc'>56</span> <span class='ocrx_word' id='word_1_2' title='bbox 695 347 747 402; x_wconf 85' lang='lat' dir='ltr'>Dii</span> <span class='ocrx_word' id='word_1_3' title='bbox 770 343 1073 402; x_wconf 72' lang='lat' dir='ltr'>consulemus.</span> <span class='ocrx_word' id='word_1_4' title='bbox 1308 340 1382 414; x_wconf 84' lang='lat' dir='ltr'>[hm.</span> <span class='ocrx_word' id='word_1_5' title='bbox 1395 343 1436 402; x_wconf 88' lang='lat'>11.</span> 
     </span>
    </p>
   </div>
   <div class='ocr_carea' id='block_1_2' title="bbox 335 503 1437 695">
    <p class='ocr_par' dir='ltr' id='par_1_2' title="bbox 335 503 1437 695">
     <span class='ocr_line' id='line_1_2' title="bbox 338 503 1437 599; baseline -0.002 -21"><span class='ocrx_word' id='word_1_6' title='bbox 338 510 449 578; x_wconf 91' lang='lat' dir='ltr'>vidunt</span> <span class='ocrx_word' id='word_1_7' title='bbox 459 507 671 599; x_wconf 89' lang='lat' dir='ltr'>jurisconsulti</span> <span class='ocrx_word' id='word_1_8' title='bbox 687 506 821 574; x_wconf 88' lang='lat' dir='ltr'>Romani</span> <span class='ocrx_word' id='word_1_9' title='bbox 838 507 870 572; x_wconf 90' lang='lat' dir='ltr'>in</span> <span class='ocrx_word' id='word_1_10' title='bbox 887 507 927 572; x_wconf 95' lang='lat' dir='ltr'>do</span> <span class='ocrx_word' id='word_1_11' title='bbox 943 515 979 572; x_wconf 91' lang='lat' dir='ltr'>ut</span> <span class='ocrx_word' id='word_1_12' title='bbox 996 505 1060 582; x_wconf 86' lang='lat' dir='ltr'>des,</span> <span class='ocrx_word' id='word_1_13' title='bbox 1082 503 1162 571; x_wconf 88' lang='lat' dir='ltr'>facio</span> <span class='ocrx_word' id='word_1_14' title='bbox 1182 512 1218 570; x_wconf 91' lang='lat' dir='ltr'>ut</span> <span class='ocrx_word' id='word_1_15' title='bbox 1235 503 1339 584; x_wconf 84' lang='lat' dir='ltr'>facins,</span> <span class='ocrx_word' id='word_1_16' title='bbox 1357 507 1437 576; x_wconf 85' lang='lat' dir='ltr'>facio</span> 
     </span>
     <span class='ocr_line' id='line_1_3' title="bbox 335 603 1434 695; baseline 0 -18"><span class='ocrx_word' id='word_1_17' title='bbox 335 619 372 677; x_wconf 91' lang='lat' dir='ltr'>ut</span> <span class='ocrx_word' id='word_1_18' title='bbox 404 612 477 676; x_wconf 80' lang='lat' dir='ltr'>des:</span> <span class='ocrx_word' id='word_1_19' title='bbox 505 606 685 695; x_wconf 91' lang='lat' dir='ltr'>dequibus</span> <span class='ocrx_word' id='word_1_20' title='bbox 720 607 820 674; x_wconf 89' lang='lat' dir='ltr'>videri</span> <span class='ocrx_word' id='word_1_21' title='bbox 845 616 948 693; x_wconf 88' lang='lat' dir='ltr'>potest</span> <span class='ocrx_word' id='word_1_22' title='bbox 974 605 1088 670; x_wconf 89' lang='lat' dir='ltr'>Paulus</span> <span class='ocrx_word' id='word_1_23' title='bbox 1110 603 1349 690; x_wconf 88' lang='lat' dir='ltr'>jurisconsultus</span> <span class='ocrx_word' id='word_1_24' title='bbox 1364 607 1434 678; x_wconf 84' lang='lat' dir='ltr'>ini</span> 
     </span>
    </p>
   </div>
   <div class='ocr_carea' id='block_1_3' title="bbox 171 706 1436 889">
    <p class='ocr_par' dir='ltr' id='par_1_3' title="bbox 171 706 1436 889">
     <span class='ocr_line' id='line_1_4' title="bbox 171 706 1081 797; baseline -0.009 -21"><span class='ocrx_word' id='word_1_25' title='bbox 171 737 320 787; x_wconf 52' lang='lat' dir='ltr'>naim</span> <span class='ocrx_word' id='word_1_26' title='bbox 336 711 540 778; x_wconf 84' lang='lat' dir='ltr'>Naturalis:</span> <span class='ocrx_word' id='word_1_27' title='bbox 565 707 715 797; x_wconf 79' lang='lat' dir='ltr'>Digestis,</span> <span class='ocrx_word' id='word_1_28' title='bbox 734 708 949 791; x_wconf 81' lang='lat' dir='ltr'>Proescrc&#39;piie</span> <span class='ocrx_word' id='word_1_29' title='bbox 967 706 1081 771; x_wconf 84' lang='lat' dir='ltr'>verbis.</span> 
     </span>
     <span class='ocr_line' id='line_1_5' title="bbox 409 801 1436 889; baseline -0.001 -15"><span class='ocrx_word' id='word_1_30' title='bbox 409 812 430 874; x_wconf 85' lang='lat'><strong>2</strong></span> <span class='ocrx_word' id='word_1_31' title='bbox 465 809 531 874; x_wconf 87' lang='lat' dir='ltr'>Sed</span> <span class='ocrx_word' id='word_1_32' title='bbox 556 806 691 873; x_wconf 89' lang='lat' dir='ltr'>Romani</span> <span class='ocrx_word' id='word_1_33' title='bbox 718 806 758 872; x_wconf 87' lang='lat' dir='ltr'>ab</span> <span class='ocrx_word' id='word_1_34' title='bbox 781 806 840 870; x_wconf 87' lang='lat' dir='ltr'>hac</span> <span class='ocrx_word' id='word_1_35' title='bbox 862 804 1012 869; x_wconf 91' lang='lat' dir='ltr'>divisione</span> <span class='ocrx_word' id='word_1_36' title='bbox 1035 801 1176 869; x_wconf 85' lang='lat' dir='ltr'>eximunt</span> <span class='ocrx_word' id='word_1_37' title='bbox 1196 803 1344 889; x_wconf 87' lang='lat' dir='ltr'>quosdam</span> <span class='ocrx_word' id='word_1_38' title='bbox 1361 829 1436 874; x_wconf 92' lang='lat' dir='ltr'>con·</span> 
     </span>
    </p>
   </div>
   <div class='ocr_carea' id='block_1_4' title="bbox 328 904 1436 1984">
    <p class='ocr_par' dir='ltr' id='par_1_4' title="bbox 328 904 1436 1984">
     <span class='ocr_line' id='line_1_6' title="bbox 335 904 1436 994; baseline -0.004 -19"><span class='ocrx_word' id='word_1_39' title='bbox 335 917 464 984; x_wconf 87' lang='lat' dir='ltr'>tractus,</span> <span class='ocrx_word' id='word_1_40' title='bbox 483 930 560 994; x_wconf 91' lang='lat' dir='ltr'>quos</span> <span class='ocrx_word' id='word_1_41' title='bbox 579 907 637 994; x_wconf 92' lang='lat' dir='ltr'>ipsi</span> <span class='ocrx_word' id='word_1_42' title='bbox 660 904 832 971; x_wconf 88' lang='lat' dir='ltr'>nominatos</span> <span class='ocrx_word' id='word_1_43' title='bbox 858 910 980 979; x_wconf 88' lang='lat' dir='ltr'>vocant,</span> <span class='ocrx_word' id='word_1_44' title='bbox 1006 923 1068 966; x_wconf 94' lang='lat' dir='ltr'>non</span> <span class='ocrx_word' id='word_1_45' title='bbox 1089 910 1153 967; x_wconf 85' lang='lat' dir='ltr'>tam</span> <span class='ocrx_word' id='word_1_46' title='bbox 1171 904 1254 988; x_wconf 91' lang='lat' dir='ltr'>quod</span> <span class='ocrx_word' id='word_1_47' title='bbox 1274 907 1436 992; x_wconf 89' lang='lat' dir='ltr'>proprium</span> 
     </span>
     <span class='ocr_line' id='line_1_7' title="bbox 334 1000 1435 1089; baseline -0.015 -15"><span class='ocrx_word' id='word_1_48' title='bbox 334 1008 470 1074; x_wconf 76' lang='lat' dir='ltr'><strong>habeant</strong></span> <span class='ocrx_word' id='word_1_49' title='bbox 487 1028 599 1074; x_wconf 89' lang='lat' dir='ltr'>nomen</span> <span class='ocrx_word' id='word_1_50' title='bbox 617 1005 725 1089; x_wconf 84' lang='lat' dir='ltr'>(habet</span> <span class='ocrx_word' id='word_1_51' title='bbox 740 1003 821 1068; x_wconf 91' lang='lat' dir='ltr'>enim</span> <span class='ocrx_word' id='word_1_52' title='bbox 838 1002 897 1068; x_wconf 93' lang='lat' dir='ltr'>hoc</span> <span class='ocrx_word' id='word_1_53' title='bbox 913 1010 947 1067; x_wconf 92' lang='lat' dir='ltr'>et</span> <span class='ocrx_word' id='word_1_54' title='bbox 963 1000 1160 1089; x_wconf 78' lang='lat' dir='ltr'><strong>permutatio,</strong></span> <span class='ocrx_word' id='word_1_55' title='bbox 1187 1023 1280 1088; x_wconf 89' lang='lat' dir='ltr'>quam</span> <span class='ocrx_word' id='word_1_56' title='bbox 1300 1027 1321 1070; x_wconf 87' lang='lat' dir='ltr'>a</span> <span class='ocrx_word' id='word_1_57' title='bbox 1336 1007 1435 1072; x_wconf 89' lang='lat' dir='ltr'>nomi.</span> 
     </span>
     <span class='ocr_line' id='line_1_8' title="bbox 334 1100 1434 1190; baseline -0.001 -17"><span class='ocrx_word' id='word_1_58' title='bbox 334 1116 478 1174; x_wconf 86' lang='lat' dir='ltr'>natorum</span> <span class='ocrx_word' id='word_1_59' title='bbox 507 1126 636 1172; x_wconf 89' lang='lat' dir='ltr'>numero</span> <span class='ocrx_word' id='word_1_60' title='bbox 662 1102 843 1185; x_wconf 88' lang='lat' dir='ltr'>excludunt)</span> <span class='ocrx_word' id='word_1_61' title='bbox 871 1122 965 1188; x_wconf 89' lang='lat' dir='ltr'>quam</span> <span class='ocrx_word' id='word_1_62' title='bbox 993 1100 1077 1186; x_wconf 92' lang='lat' dir='ltr'>quod</span> <span class='ocrx_word' id='word_1_63' title='bbox 1104 1101 1259 1166; x_wconf 88' lang='lat' dir='ltr'>ebusum</span> <span class='ocrx_word' id='word_1_64' title='bbox 1288 1103 1434 1190; x_wconf 86' lang='lat' dir='ltr'>frequen·</span> 
     </span>
     <span class='ocr_line' id='line_1_9' title="bbox 333 1198 1434 1291; baseline -0.002 -19"><span class='ocrx_word' id='word_1_65' title='bbox 333 1207 444 1273; x_wconf 90' lang='lat' dir='ltr'>tiorem</span> <span class='ocrx_word' id='word_1_66' title='bbox 460 1199 544 1272; x_wconf 80' lang='lat' dir='ltr'>bvim</span> <span class='ocrx_word' id='word_1_67' title='bbox 562 1203 728 1291; x_wconf 85' lang='lat' dir='ltr'>quemdam</span> <span class='ocrx_word' id='word_1_68' title='bbox 745 1209 778 1267; x_wconf 92' lang='lat' dir='ltr'>et</span> <span class='ocrx_word' id='word_1_69' title='bbox 792 1208 936 1266; x_wconf 87' lang='lat' dir='ltr'>naturam</span> <span class='ocrx_word' id='word_1_70' title='bbox 959 1198 1149 1285; x_wconf 66' lang='lat' dir='ltr'>accepissent</span> <span class='ocrx_word' id='word_1_71' title='bbox 1165 1200 1269 1279; x_wconf 88' lang='lat' dir='ltr'>talem,</span> <span class='ocrx_word' id='word_1_72' title='bbox 1289 1224 1359 1289; x_wconf 85' lang='lat' dir='ltr'>quae</span> <span class='ocrx_word' id='word_1_73' title='bbox 1377 1206 1434 1272; x_wconf 91' lang='lat' dir='ltr'>eti-</span> 
     </span>
     <span class='ocr_line' id='line_1_10' title="bbox 332 1299 1433 1388; baseline -0.002 -16"><span class='ocrx_word' id='word_1_74' title='bbox 332 1305 410 1372; x_wconf 88' lang='lat' dir='ltr'>amsi</span> <span class='ocrx_word' id='word_1_75' title='bbox 432 1304 509 1371; x_wconf 85' lang='lat' dir='ltr'><strong>nihil</strong></span> <span class='ocrx_word' id='word_1_76' title='bbox 526 1313 607 1370; x_wconf 90' lang='lat' dir='ltr'>esset</span> <span class='ocrx_word' id='word_1_77' title='bbox 624 1301 741 1368; x_wconf 90' lang='lat' dir='ltr'>dictum</span> <span class='ocrx_word' id='word_1_78' title='bbox 757 1299 940 1387; x_wconf 78' lang='lat' dir='ltr'>specialiter,</span> <span class='ocrx_word' id='word_1_79' title='bbox 959 1320 1000 1363; x_wconf 84' lang='lat' dir='ltr'>ex</span> <span class='ocrx_word' id='word_1_80' title='bbox 1016 1299 1084 1385; x_wconf 89' lang='lat' dir='ltr'>ipso</span> <span class='ocrx_word' id='word_1_81' title='bbox 1098 1299 1222 1364; x_wconf 87' lang='lat' dir='ltr'>nomine</span> <span class='ocrx_word' id='word_1_82' title='bbox 1237 1301 1312 1366; x_wconf 90' lang='lat' dir='ltr'>satis</span> <span class='ocrx_word' id='word_1_83' title='bbox 1329 1313 1433 1388; x_wconf 91' lang='lat' dir='ltr'>posset</span> 
     </span>
     <span class='ocr_line' id='line_1_11' title="bbox 331 1397 1433 1493; baseline -0.002 -23"><span class='ocrx_word' id='word_1_84' title='bbox 331 1404 484 1493; x_wconf 77' lang='lat' dir='ltr'>intelligis</span> <span class='ocrx_word' id='word_1_85' title='bbox 509 1403 592 1469; x_wconf 89' lang='lat' dir='ltr'>unde</span> <span class='ocrx_word' id='word_1_86' title='bbox 617 1401 711 1468; x_wconf 85' lang='lat' dir='ltr'>etiam</span> <span class='ocrx_word' id='word_1_87' title='bbox 738 1411 834 1465; x_wconf 83' lang='lat' dir='ltr'>certoe</span> <span class='ocrx_word' id='word_1_88' title='bbox 857 1398 897 1464; x_wconf 90' lang='lat' dir='ltr'>de</span> <span class='ocrx_word' id='word_1_89' title='bbox 922 1397 983 1463; x_wconf 91' lang='lat' dir='ltr'>illis</span> <span class='ocrx_word' id='word_1_90' title='bbox 1006 1398 1140 1484; x_wconf 77' lang='lat' dir='ltr'>proditas</span> <span class='ocrx_word' id='word_1_91' title='bbox 1164 1408 1255 1466; x_wconf 91' lang='lat' dir='ltr'>erant</span> <span class='ocrx_word' id='word_1_92' title='bbox 1277 1401 1433 1468; x_wconf 75' lang='lat' dir='ltr'>achonum</span> 
     </span>
     <span class='ocr_line' id='line_1_12' title="bbox 330 1496 1433 1583; baseline -0.002 -13"><span class='ocrx_word' id='word_1_93' title='bbox 330 1503 494 1570; x_wconf 84' lang='lat' dir='ltr'>formuloe:</span> <span class='ocrx_word' id='word_1_94' title='bbox 517 1524 587 1568; x_wconf 90' lang='lat' dir='ltr'>cum</span> <span class='ocrx_word' id='word_1_95' title='bbox 607 1501 640 1566; x_wconf 91' lang='lat' dir='ltr'>in</span> <span class='ocrx_word' id='word_1_96' title='bbox 654 1499 777 1566; x_wconf 82' lang='lat' dir='ltr'>caeteris</span> <span class='ocrx_word' id='word_1_97' title='bbox 793 1497 1002 1564; x_wconf 87' lang='lat' dir='ltr'>contractibus</span> <span class='ocrx_word' id='word_1_98' title='bbox 1019 1496 1120 1561; x_wconf 89' lang='lat' dir='ltr'>minus</span> <span class='ocrx_word' id='word_1_99' title='bbox 1142 1497 1356 1583; x_wconf 80' lang='lat' dir='ltr'>frequentibus</span> <span class='ocrx_word' id='word_1_100' title='bbox 1373 1503 1433 1568; x_wconf 93' lang='lat' dir='ltr'>hoc</span> 
     </span>
     <span class='ocr_line' id='line_1_13' title="bbox 331 1594 1433 1686; baseline -0.001 -18"><span class='ocrx_word' id='word_1_101' title='bbox 331 1610 455 1668; x_wconf 90' lang='lat' dir='ltr'>tantum</span> <span class='ocrx_word' id='word_1_102' title='bbox 478 1602 605 1679; x_wconf 72' lang='lat' dir='ltr'>hesset,</span> <span class='ocrx_word' id='word_1_103' title='bbox 632 1598 714 1686; x_wconf 90' lang='lat' dir='ltr'>quod</span> <span class='ocrx_word' id='word_1_104' title='bbox 732 1597 849 1663; x_wconf 90' lang='lat' dir='ltr'>dictum</span> <span class='ocrx_word' id='word_1_105' title='bbox 870 1607 949 1674; x_wconf 89' lang='lat' dir='ltr'>erat,</span> <span class='ocrx_word' id='word_1_106' title='bbox 974 1617 1012 1661; x_wconf 91' lang='lat' dir='ltr'>ac</span> <span class='ocrx_word' id='word_1_107' title='bbox 1032 1594 1163 1681; x_wconf 89' lang='lat' dir='ltr'>proinde</span> <span class='ocrx_word' id='word_1_108' title='bbox 1186 1618 1247 1661; x_wconf 90' lang='lat' dir='ltr'>non</span> <span class='ocrx_word' id='word_1_109' title='bbox 1264 1601 1433 1667; x_wconf 87' lang='lat' dir='ltr'>communis</span> 
     </span>
     <span class='ocr_line' id='line_1_14' title="bbox 328 1693 1432 1788; baseline -0.001 -20"><span class='ocrx_word' id='word_1_110' title='bbox 328 1701 436 1788; x_wconf 88' lang='lat' dir='ltr'>aliqua</span> <span class='ocrx_word' id='word_1_111' title='bbox 452 1709 486 1767; x_wconf 86' lang='lat' dir='ltr'>et</span> <span class='ocrx_word' id='word_1_112' title='bbox 501 1699 626 1780; x_wconf 84' lang='lat' dir='ltr'>usitata,</span> <span class='ocrx_word' id='word_1_113' title='bbox 647 1698 703 1764; x_wconf 91' lang='lat' dir='ltr'>sed</span> <span class='ocrx_word' id='word_1_114' title='bbox 720 1696 949 1763; x_wconf 86' lang='lat' dir='ltr'>accommodata</span> <span class='ocrx_word' id='word_1_115' title='bbox 971 1694 1013 1760; x_wconf 87' lang='lat' dir='ltr'>sd</span> <span class='ocrx_word' id='word_1_116' title='bbox 1035 1694 1137 1781; x_wconf 88' lang='lat' dir='ltr'>ipsum</span> <span class='ocrx_word' id='word_1_117' title='bbox 1159 1693 1276 1761; x_wconf 86' lang='lat' dir='ltr'>factum</span> <span class='ocrx_word' id='word_1_118' title='bbox 1300 1697 1432 1767; x_wconf 87' lang='lat' dir='ltr'>daretur</span> 
     </span>
     <span class='ocr_line' id='line_1_15' title="bbox 330 1792 1430 1885; baseline 0 -20"><span class='ocrx_word' id='word_1_119' title='bbox 330 1799 472 1878; x_wconf 87' lang='lat' dir='ltr'>formula,</span> <span class='ocrx_word' id='word_1_120' title='bbox 494 1820 565 1885; x_wconf 80' lang='lat' dir='ltr'>quae</span> <span class='ocrx_word' id='word_1_121' title='bbox 582 1797 652 1862; x_wconf 91' lang='lat' dir='ltr'>ideo</span> <span class='ocrx_word' id='word_1_122' title='bbox 669 1794 859 1884; x_wconf 74' lang='lat' dir='ltr'>prascriptis</span> <span class='ocrx_word' id='word_1_123' title='bbox 879 1793 984 1860; x_wconf 86' lang='lat' dir='ltr'>verbis</span> <span class='ocrx_word' id='word_1_124' title='bbox 1009 1792 1180 1859; x_wconf 78' lang='lat' dir='ltr'>dicebatur.</span> <span class='ocrx_word' id='word_1_125' title='bbox 1222 1795 1273 1860; x_wconf 93' lang='lat' dir='ltr'>Ob</span> <span class='ocrx_word' id='word_1_126' title='bbox 1298 1798 1430 1864; x_wconf 91' lang='lat' dir='ltr'>eandem</span> 
     </span>
     <span class='ocr_line' id='line_1_16' title="bbox 329 1891 1430 1984; baseline -0.013 -18"><span class='ocrx_word' id='word_1_127' title='bbox 329 1920 453 1966; x_wconf 89' lang='lat' dir='ltr'>causam</span> <span class='ocrx_word' id='word_1_128' title='bbox 469 1919 543 1964; x_wconf 91' lang='lat' dir='ltr'>usus</span> <span class='ocrx_word' id='word_1_129' title='bbox 557 1893 776 1983; x_wconf 78' lang='lat' dir='ltr'>frequentioris</span> <span class='ocrx_word' id='word_1_130' title='bbox 788 1893 821 1960; x_wconf 91' lang='lat' dir='ltr'>in</span> <span class='ocrx_word' id='word_1_131' title='bbox 833 1891 1087 1960; x_wconf 74' lang='lat' dir='ltr'>conventionibus</span> <span class='ocrx_word' id='word_1_132' title='bbox 1100 1892 1273 1971; x_wconf 89' lang='lat' dir='ltr'>nominatis,</span> <span class='ocrx_word' id='word_1_133' title='bbox 1286 1895 1313 1961; x_wconf 90' lang='lat' dir='ltr'>si</span> <span class='ocrx_word' id='word_1_134' title='bbox 1325 1897 1430 1984; x_wconf 83' lang='lat' dir='ltr'>requi.</span> 
     </span>
    </p>
   </div>
   <div class='ocr_carea' id='block_1_5' title="bbox 323 2069 1501 2879">
    <p class='ocr_par' dir='ltr' id='par_1_5' title="bbox 326 2069 1433 2282">
     <span class='ocr_line' id='line_1_17' title="bbox 373 2069 1433 2136; baseline -0.004 -14"><span class='ocrx_word' id='word_1_135' title='bbox 373 2073 385 2108; x_wconf 59' lang='grc' dir='ltr'><strong>θ</strong></span> <span class='ocrx_word' id='word_1_136' title='bbox 405 2075 458 2122; x_wconf 76' lang='lat' dir='ltr'>Vim</span> <span class='ocrx_word' id='word_1_137' title='bbox 468 2073 621 2136; x_wconf 69' lang='lat' dir='ltr'>pumdcsast</span> <span class='ocrx_word' id='word_1_138' title='bbox 630 2069 855 2130; x_wconf 75' lang='lat' dir='ltr'>aciusmascepis·</span> <span class='ocrx_word' id='word_1_139' title='bbox 906 2069 968 2116; x_wconf 85' lang='lat' dir='ltr'>citus</span> <span class='ocrx_word' id='word_1_140' title='bbox 982 2069 1012 2116; x_wconf 82' lang='lat' dir='ltr'>ds</span> <span class='ocrx_word' id='word_1_141' title='bbox 1030 2069 1169 2129; x_wconf 65' lang='lat' dir='ltr'>ommia,</span> <span class='ocrx_word' id='word_1_142' title='bbox 1185 2071 1278 2130; x_wconf 72' lang='lat' dir='ltr'>(Gerre.</span> <span class='ocrx_word' id='word_1_143' title='bbox 1300 2087 1321 2120; x_wconf 83' lang='lat' dir='ltr'>c.</span> <span class='ocrx_word' id='word_1_144' title='bbox 1332 2075 1373 2134; x_wconf 72' lang='lat' dir='ltr'>iii:</span> <span class='ocrx_word' id='word_1_145' title='bbox 1390 2075 1433 2122; x_wconf 86' lang='lat' dir='ltr'>iss.</span> 
     </span>
     <span class='ocr_line' id='line_1_18' title="bbox 328 2143 1431 2211; baseline -0.007 -13"><span class='ocrx_word' id='word_1_146' title='bbox 328 2157 378 2198; x_wconf 67' lang='lat' dir='ltr'>sort</span> <span class='ocrx_word' id='word_1_147' title='bbox 387 2151 468 2211; x_wconf 82' lang='lat' dir='ltr'>talem]</span> <span class='ocrx_word' id='word_1_148' title='bbox 483 2150 546 2197; x_wconf 85' lang='lat' dir='ltr'>Vide</span> <span class='ocrx_word' id='word_1_149' title='bbox 556 2149 630 2206; x_wconf 82' lang='lat' dir='ltr'>Vssq.</span> <span class='ocrx_word' id='word_1_150' title='bbox 647 2146 701 2193; x_wconf 86' lang='lat' dir='ltr'>Lib.</span> <span class='ocrx_word' id='word_1_151' title='bbox 712 2159 732 2193; x_wconf 90' lang='lat'>1.</span> <span class='ocrx_word' id='word_1_152' title='bbox 744 2150 854 2192; x_wconf 85' lang='lat' dir='ltr'>controv.</span> <span class='ocrx_word' id='word_1_153' title='bbox 906 2145 1004 2190; x_wconf 82' lang='lat' dir='ltr'>isricrcs</span> <span class='ocrx_word' id='word_1_154' title='bbox 1017 2143 1150 2203; x_wconf 77' lang='lat' dir='ltr'>simplicius</span> <span class='ocrx_word' id='word_1_155' title='bbox 1162 2151 1185 2192; x_wconf 82' lang='lat' dir='ltr'>st</span> <span class='ocrx_word' id='word_1_156' title='bbox 1198 2146 1322 2208; x_wconf 61' lang='lat' dir='ltr'>anesim</span> <span class='ocrx_word' id='word_1_157' title='bbox 1331 2164 1431 2208; x_wconf 72' lang='lat' dir='ltr'>prs-ms.</span> 
     </span>
     <span class='ocr_line' id='line_1_19' title="bbox 326 2219 1433 2282; baseline 0.001 -10"><span class='ocrx_word' id='word_1_158' title='bbox 326 2241 349 2273; x_wconf 84' lang='lat' dir='ltr'>c.</span> <span class='ocrx_word' id='word_1_159' title='bbox 361 2242 385 2272; x_wconf 88' lang='lat' dir='ltr'>x.</span> <span class='ocrx_word' id='word_1_160' title='bbox 396 2227 422 2271; x_wconf 93' lang='lat' dir='ltr'>in</span> <span class='ocrx_word' id='word_1_161' title='bbox 431 2226 486 2272; x_wconf 87' lang='lat' dir='ltr'>fine.</span> <span class='ocrx_word' id='word_1_162' title='bbox 905 2219 994 2266; x_wconf 72' lang='lat' dir='ltr'>tatione</span> <span class='ocrx_word' id='word_1_163' title='bbox 1008 2220 1121 2267; x_wconf 72' lang='lat' dir='ltr'>mereim</span> <span class='ocrx_word' id='word_1_164' title='bbox 1135 2226 1241 2268; x_wconf 62' lang='lat' dir='ltr'>mr.</span> <span class='ocrx_word' id='word_1_165' title='bbox 1278 2225 1381 2282; x_wconf 83' lang='lat' dir='ltr'>Servius,</span> <span class='ocrx_word' id='word_1_166' title='bbox 1396 2227 1433 2273; x_wconf 79' lang='lat' dir='ltr'>cd</span> 
     </span>
    </p>

    <p class='ocr_par' dir='ltr' id='par_1_6' title="bbox 325 2294 1501 2657">
     <span class='ocr_line' id='line_1_20' title="bbox 372 2294 1431 2359; baseline -0.001 -15"><span class='ocrx_word' id='word_1_167' title='bbox 372 2308 382 2333; x_wconf 58' lang='grc' dir='ltr'><strong>ε</strong></span> <span class='ocrx_word' id='word_1_168' title='bbox 398 2299 427 2346; x_wconf 71' lang='lat' dir='ltr'>ss·</span> <span class='ocrx_word' id='word_1_169' title='bbox 437 2299 466 2345; x_wconf 83' lang='lat' dir='ltr'>de</span> <span class='ocrx_word' id='word_1_170' title='bbox 470 2298 550 2358; x_wconf 80' lang='lat' dir='ltr'>pretio</span> <span class='ocrx_word' id='word_1_171' title='bbox 556 2294 710 2354; x_wconf 63' lang='lat' dir='ltr'>eorummet]</span> <span class='ocrx_word' id='word_1_172' title='bbox 722 2294 796 2355; x_wconf 77' lang='lat' dir='ltr'>Apud</span> <span class='ocrx_word' id='word_1_173' title='bbox 803 2295 853 2340; x_wconf 84' lang='lat' dir='ltr'>lie-</span> <span class='ocrx_word' id='word_1_174' title='bbox 904 2295 1022 2356; x_wconf 79' lang='lat' dir='ltr'>Ecloqassv</span> <span class='ocrx_word' id='word_1_175' title='bbox 1032 2309 1066 2342; x_wconf 88' lang='lat' dir='ltr'>vv.</span> <span class='ocrx_word' id='word_1_176' title='bbox 1077 2297 1108 2342; x_wconf 85' lang='lat' dir='ltr'>nd</span> <span class='ocrx_word' id='word_1_177' title='bbox 1118 2296 1178 2342; x_wconf 92' lang='lat' dir='ltr'>illud</span> <span class='ocrx_word' id='word_1_178' title='bbox 1188 2297 1261 2357; x_wconf 84' lang='lat' dir='ltr'>(vers.</span> <span class='ocrx_word' id='word_1_179' title='bbox 1271 2299 1328 2359; x_wconf 69' lang='lat' dir='ltr'>sti:</span> <span class='ocrx_word' id='word_1_180' title='bbox 1343 2299 1431 2348; x_wconf 70' lang='lat' dir='ltr'>Muta.</span> 
     </span>
     <span class='ocr_line' id='line_1_21' title="bbox 325 2369 1430 2432; baseline -0.004 -11"><span class='ocrx_word' id='word_1_181' title='bbox 325 2376 404 2421; x_wconf 83' lang='lat' dir='ltr'>bresos</span> <span class='ocrx_word' id='word_1_182' title='bbox 423 2373 531 2432; x_wconf 79' lang='lat' dir='ltr'>perfecte</span> <span class='ocrx_word' id='word_1_183' title='bbox 546 2383 595 2417; x_wconf 88' lang='lat' dir='ltr'>non</span> <span class='ocrx_word' id='word_1_184' title='bbox 612 2372 723 2416; x_wconf 86' lang='lat' dir='ltr'>censetur</span> <span class='ocrx_word' id='word_1_185' title='bbox 740 2369 854 2426; x_wconf 79' lang='lat' dir='ltr'>venditio,</span> <span class='ocrx_word' id='word_1_186' title='bbox 903 2369 963 2416; x_wconf 73' lang='lat' dir='ltr'>tuns</span> <span class='ocrx_word' id='word_1_187' title='bbox 973 2383 1069 2416; x_wconf 74' lang='lat' dir='ltr'>mess.-</span> <span class='ocrx_word' id='word_1_188' title='bbox 1081 2371 1140 2430; x_wconf 83' lang='lat' dir='ltr'>qnia</span> <span class='ocrx_word' id='word_1_189' title='bbox 1148 2373 1242 2432; x_wconf 77' lang='lat' dir='ltr'>antiqui</span> <span class='ocrx_word' id='word_1_190' title='bbox 1251 2387 1290 2419; x_wconf 82' lang='lat' dir='ltr'>res</span> <span class='ocrx_word' id='word_1_191' title='bbox 1302 2376 1430 2423; x_wconf 72' lang='grc' dir='ltr'>νώιιιιιιι.</span> 
     </span>
     <span class='ocr_line' id='line_1_22' title="bbox 326 2443 1430 2510; baseline 0.001 -15"><span class='ocrx_word' id='word_1_192' title='bbox 326 2443 853 2503; x_wconf 71' lang='lat' dir='ltr'>manshuonemvenmvelimeginsrism.</span> <span class='ocrx_word' id='word_1_193' title='bbox 904 2444 994 2492; x_wconf 70' lang='lat' dir='ltr'>means</span> <span class='ocrx_word' id='word_1_194' title='bbox 1024 2445 1059 2490; x_wconf 79' lang='lat' dir='ltr'>Et</span> <span class='ocrx_word' id='word_1_195' title='bbox 1074 2445 1106 2491; x_wconf 85' lang='lat' dir='ltr'>sd</span> <span class='ocrx_word' id='word_1_196' title='bbox 1121 2445 1181 2491; x_wconf 84' lang='lat' dir='ltr'>illud</span> <span class='ocrx_word' id='word_1_197' title='bbox 1199 2445 1287 2507; x_wconf 77' lang='lat' dir='ltr'>Georq.</span> <span class='ocrx_word' id='word_1_198' title='bbox 1299 2461 1339 2496; x_wconf 90' lang='grc' dir='ltr'>ιιι.</span> <span class='ocrx_word' id='word_1_199' title='bbox 1356 2450 1430 2510; x_wconf 85' lang='lat' dir='ltr'>(vers.</span> 
     </span>
     <span class='ocr_line' id='line_1_23' title="bbox 325 2517 1501 2584; baseline 0 -15"><span class='ocrx_word' id='word_1_200' title='bbox 325 2524 399 2584; x_wconf 90' lang='lat' dir='ltr'>[Vide</span> <span class='ocrx_word' id='word_1_201' title='bbox 416 2523 528 2570; x_wconf 83' lang='lat' dir='ltr'>Ssnnnu.</span> <span class='ocrx_word' id='word_1_202' title='bbox 542 2521 583 2568; x_wconf 86' lang='lat' dir='ltr'>De</span> <span class='ocrx_word' id='word_1_203' title='bbox 594 2521 657 2568; x_wconf 83' lang='lat' dir='ltr'>Jnrs</span> <span class='ocrx_word' id='word_1_204' title='bbox 671 2519 731 2566; x_wconf 87' lang='lat' dir='ltr'>Nat.</span> <span class='ocrx_word' id='word_1_205' title='bbox 747 2524 769 2566; x_wconf 82' lang='lat' dir='ltr'>st</span> <span class='ocrx_word' id='word_1_206' title='bbox 784 2519 853 2567; x_wconf 73' lang='lat' dir='ltr'>aas.</span> <span class='ocrx_word' id='word_1_207' title='bbox 903 2518 973 2578; x_wconf 67' lang='lat' dir='ltr'>son:</span> <span class='ocrx_word' id='word_1_208' title='bbox 994 2517 1086 2566; x_wconf 79' lang='lat' dir='ltr'>Vellere</span> <span class='ocrx_word' id='word_1_209' title='bbox 1100 2525 1231 2568; x_wconf 72' lang='lat' dir='ltr'>mutmtnr:</span> <span class='ocrx_word' id='word_1_210' title='bbox 1252 2521 1341 2583; x_wconf 72' lang='lat' dir='ltr'>inperiti</span> <span class='ocrx_word' id='word_1_211' title='bbox 1350 2526 1430 2584; x_wconf 79' lang='lat' dir='ltr'>pretio</span> <span class='ocrx_word' id='word_1_212' title='bbox 1498 2531 1501 2538; x_wconf 68' lang='lat'><strong>⁴</strong></span> 
     </span>
     <span class='ocr_line' id='line_1_24' title="bbox 325 2593 1430 2657; baseline -0.001 -14"><span class='ocrx_word' id='word_1_213' title='bbox 325 2593 793 2657; x_wconf 79' lang='lat' dir='ltr'>Secnssd.discip.Hsbr.1.ib.v1.c.6.]</span> <span class='ocrx_word' id='word_1_214' title='bbox 902 2600 1076 2654; x_wconf 76' lang='lat' dir='ltr'>comparentur.</span> <span class='ocrx_word' id='word_1_215' title='bbox 1106 2594 1172 2642; x_wconf 81' lang='grc' dir='ltr'>Ναιιι</span> <span class='ocrx_word' id='word_1_216' title='bbox 1185 2598 1255 2656; x_wconf 80' lang='lat' dir='ltr'>apud</span> <span class='ocrx_word' id='word_1_217' title='bbox 1266 2599 1367 2657; x_wconf 72' lang='lat' dir='ltr'>majores</span> <span class='ocrx_word' id='word_1_218' title='bbox 1382 2615 1430 2647; x_wconf 70' lang='grc' dir='ltr'>αι.</span> 
     </span>
    </p>

    <p class='ocr_par' dir='ltr' id='par_1_7' title="bbox 323 2665 1430 2879">
     <span class='ocr_line' id='line_1_25' title="bbox 367 2665 1430 2733; baseline -0.003 -14"><span class='ocrx_word' id='word_1_219' title='bbox 367 2673 380 2707; x_wconf 76' lang='lat'>‘¹</span> <span class='ocrx_word' id='word_1_220' title='bbox 395 2671 533 2732; x_wconf 75' lang='lat' dir='ltr'>Simplicior</span> <span class='ocrx_word' id='word_1_221' title='bbox 551 2675 586 2716; x_wconf 83' lang='lat' dir='ltr'>ssi</span> <span class='ocrx_word' id='word_1_222' title='bbox 599 2674 622 2716; x_wconf 84' lang='lat' dir='ltr'>si</span> <span class='ocrx_word' id='word_1_223' title='bbox 638 2665 771 2728; x_wconf 74' lang='lat' dir='ltr'>miiquicr]</span> <span class='ocrx_word' id='word_1_224' title='bbox 798 2666 852 2727; x_wconf 80' lang='lat' dir='ltr'>Ap·</span> <span class='ocrx_word' id='word_1_225' title='bbox 903 2682 931 2714; x_wconf 73' lang='grc' dir='ltr'>ιιι</span> <span class='ocrx_word' id='word_1_226' title='bbox 940 2669 1114 2715; x_wconf 76' lang='lat' dir='ltr'>mercimonium</span> <span class='ocrx_word' id='word_1_227' title='bbox 1120 2673 1430 2733; x_wconf 62' lang='lat' dir='ltr'>pamntntionseomatas,</span> 
     </span>
     <span class='ocr_line' id='line_1_26' title="bbox 324 2743 1430 2809; baseline -0.003 -13"><span class='ocrx_word' id='word_1_228' title='bbox 324 2753 394 2809; x_wconf 81' lang='lat' dir='ltr'>peret</span> <span class='ocrx_word' id='word_1_229' title='bbox 407 2749 432 2794; x_wconf 92' lang='lat' dir='ltr'>id</span> <span class='ocrx_word' id='word_1_230' title='bbox 447 2762 477 2794; x_wconf 80' lang='lat' dir='ltr'>ex</span> <span class='ocrx_word' id='word_1_231' title='bbox 494 2745 593 2793; x_wconf 80' lang='lat' dir='ltr'>Homeri</span> <span class='ocrx_word' id='word_1_232' title='bbox 609 2744 715 2791; x_wconf 86' lang='lat' dir='ltr'>versibus</span> <span class='ocrx_word' id='word_1_233' title='bbox 728 2743 852 2802; x_wconf 88' lang='lat' dir='ltr'>productis</span> <span class='ocrx_word' id='word_1_234' title='bbox 903 2743 970 2802; x_wconf 79' lang='lat' dir='ltr'>qnod</span> <span class='ocrx_word' id='word_1_235' title='bbox 992 2748 1015 2790; x_wconf 83' lang='lat' dir='ltr'>et</span> <span class='ocrx_word' id='word_1_236' title='bbox 1041 2743 1117 2790; x_wconf 82' lang='lat' dir='ltr'>Caius</span> <span class='ocrx_word' id='word_1_237' title='bbox 1136 2744 1263 2794; x_wconf 79' lang='lat' dir='ltr'>Homerico</span> <span class='ocrx_word' id='word_1_238' title='bbox 1282 2751 1430 2808; x_wconf 73' lang='lat' dir='ltr'>msfimaev&#39;s</span> 
     </span>
     <span class='ocr_line' id='line_1_27' title="bbox 323 2818 1429 2879; baseline 0.002 -9"><span class='ocrx_word' id='word_1_239' title='bbox 323 2823 377 2872; x_wconf 86' lang='lat' dir='ltr'>Lib.</span> <span class='ocrx_word' id='word_1_240' title='bbox 386 2837 404 2870; x_wconf 89' lang='lat'>1.</span> <span class='ocrx_word' id='word_1_241' title='bbox 414 2824 446 2871; x_wconf 86' lang='grc' dir='ltr'>Ι).</span> <span class='ocrx_word' id='word_1_242' title='bbox 458 2823 487 2872; x_wconf 81' lang='lat' dir='ltr'>de</span> <span class='ocrx_word' id='word_1_243' title='bbox 499 2819 667 2871; x_wconf 66' lang='lat' dir='ltr'>contubernia</span> <span class='ocrx_word' id='word_1_244' title='bbox 676 2818 793 2866; x_wconf 80' lang='lat' dir='ltr'>Emticns.</span> <span class='ocrx_word' id='word_1_245' title='bbox 804 2818 854 2866; x_wconf 84' lang='lat' dir='ltr'>&#39;l&#39;s-</span> <span class='ocrx_word' id='word_1_246' title='bbox 903 2819 1016 2879; x_wconf 72' lang='lat' dir='ltr'>crespio.</span> <span class='ocrx_word' id='word_1_247' title='bbox 1046 2819 1146 2878; x_wconf 86' lang='lat' dir='ltr'>Plinius,</span> <span class='ocrx_word' id='word_1_248' title='bbox 1165 2821 1227 2868; x_wconf 92' lang='lat' dir='ltr'>libro</span> <span class='ocrx_word' id='word_1_249' title='bbox 1243 2835 1344 2872; x_wconf 83' lang='lat' dir='ltr'>xxxin.</span> <span class='ocrx_word' id='word_1_250' title='bbox 1363 2839 1384 2872; x_wconf 88' lang='lat' dir='ltr'>c.</span> <span class='ocrx_word' id='word_1_251' title='bbox 1399 2829 1429 2872; x_wconf 84' lang='lat'>1:</span> 
     </span>
    </p>
   </div>
   <div class='ocr_carea' id='block_1_6' title="bbox 315 3055 1428 4410">
    <p class='ocr_par' dir='ltr' id='par_1_8' title="bbox 315 3055 1428 3216">
     <span class='ocr_line' id='line_1_28' title="bbox 323 3055 1428 3129; baseline 0 -18"><span class='ocrx_word' id='word_1_252' title='bbox 323 3060 393 3122; x_wconf 79' lang='lat' dir='ltr'>acts,</span> <span class='ocrx_word' id='word_1_253' title='bbox 409 3055 460 3112; x_wconf 92' lang='lat' dir='ltr'>the</span> <span class='ocrx_word' id='word_1_254' title='bbox 477 3057 589 3113; x_wconf 84' lang='lat' dir='ltr'>Roman</span> <span class='ocrx_word' id='word_1_255' title='bbox 603 3057 700 3129; x_wconf 85' lang='lat' dir='ltr'>jurists</span> <span class='ocrx_word' id='word_1_256' title='bbox 715 3057 820 3129; x_wconf 79' lang='lat' dir='ltr'>rightly</span> <span class='ocrx_word' id='word_1_257' title='bbox 836 3056 929 3110; x_wconf 88' lang='lat' dir='ltr'>divide</span> <span class='ocrx_word' id='word_1_258' title='bbox 943 3057 1004 3110; x_wconf 90' lang='lat' dir='ltr'>into</span> <span class='ocrx_word' id='word_1_259' title='bbox 1022 3055 1116 3110; x_wconf 87' lang='lat' dir='ltr'>these:</span> <span class='ocrx_word' id='word_1_260' title='bbox 1136 3057 1170 3109; x_wconf 84' lang='lat' dir='ltr'>do</span> <span class='ocrx_word' id='word_1_261' title='bbox 1186 3064 1216 3108; x_wconf 82' lang='lat' dir='ltr'>ut</span> <span class='ocrx_word' id='word_1_262' title='bbox 1231 3057 1291 3109; x_wconf 78' lang='lat' dir='ltr'>des:</span> <span class='ocrx_word' id='word_1_263' title='bbox 1301 3056 1382 3128; x_wconf 81' lang='lat' dir='ltr'>socio</span> <span class='ocrx_word' id='word_1_264' title='bbox 1396 3066 1428 3112; x_wconf 83' lang='lat' dir='ltr'>us</span> 
     </span>
     <span class='ocr_line' id='line_1_29' title="bbox 315 3137 1323 3216; baseline -0.006 -18"><span class='ocrx_word' id='word_1_265' title='bbox 315 3144 516 3216; x_wconf 78' lang='lat' dir='ltr'>sccicsrsacic</span> <span class='ocrx_word' id='word_1_266' title='bbox 529 3153 561 3198; x_wconf 79' lang='lat' dir='ltr'>at</span> <span class='ocrx_word' id='word_1_267' title='bbox 575 3145 627 3198; x_wconf 83' lang='lat' dir='ltr'>des.</span> <span class='ocrx_word' id='word_1_268' title='bbox 663 3144 718 3197; x_wconf 78' lang='lat' dir='ltr'>See</span> <span class='ocrx_word' id='word_1_269' title='bbox 729 3143 835 3196; x_wconf 86' lang='lat' dir='ltr'>Paulus</span> <span class='ocrx_word' id='word_1_270' title='bbox 846 3141 903 3194; x_wconf 89' lang='lat' dir='ltr'>snd</span> <span class='ocrx_word' id='word_1_271' title='bbox 915 3139 964 3194; x_wconf 89' lang='lat' dir='ltr'>the</span> <span class='ocrx_word' id='word_1_272' title='bbox 975 3141 1096 3208; x_wconf 85' lang='lat' dir='ltr'>Digests.</span> <span class='ocrx_word' id='word_1_273' title='bbox 1125 3137 1201 3208; x_wconf 83' lang='lat' dir='ltr'>[Dig.</span> <span class='ocrx_word' id='word_1_274' title='bbox 1215 3139 1269 3194; x_wconf 84' lang='lat' dir='ltr'>xix.</span> <span class='ocrx_word' id='word_1_275' title='bbox 1281 3137 1323 3204; x_wconf 81' lang='grc'>5.]</span> 
     </span>
    </p>

    <p class='ocr_par' dir='ltr' id='par_1_9' title="bbox 315 3223 1428 4234">
     <span class='ocr_line' id='line_1_30' title="bbox 382 3223 1428 3295; baseline 0 -15"><span class='ocrx_word' id='word_1_276' title='bbox 382 3234 399 3280; x_wconf 79' lang='lat'>2</span> <span class='ocrx_word' id='word_1_277' title='bbox 424 3229 482 3281; x_wconf 89' lang='lat' dir='ltr'>But</span> <span class='ocrx_word' id='word_1_278' title='bbox 504 3227 554 3282; x_wconf 91' lang='lat' dir='ltr'>the</span> <span class='ocrx_word' id='word_1_279' title='bbox 577 3229 703 3281; x_wconf 85' lang='lat' dir='ltr'>Romans</span> <span class='ocrx_word' id='word_1_280' title='bbox 722 3230 823 3295; x_wconf 85' lang='lat' dir='ltr'>except</span> <span class='ocrx_word' id='word_1_281' title='bbox 845 3224 919 3276; x_wconf 87' lang='lat' dir='ltr'>from</span> <span class='ocrx_word' id='word_1_282' title='bbox 941 3223 997 3276; x_wconf 87' lang='lat' dir='ltr'>this</span> <span class='ocrx_word' id='word_1_283' title='bbox 1015 3223 1133 3277; x_wconf 80' lang='lat' dir='ltr'>division</span> <span class='ocrx_word' id='word_1_284' title='bbox 1156 3223 1263 3276; x_wconf 86' lang='lat' dir='ltr'>certain</span> <span class='ocrx_word' id='word_1_285' title='bbox 1284 3229 1428 3282; x_wconf 75' lang='lat' dir='ltr'>contracte</span> 
     </span>
     <span class='ocr_line' id='line_1_31' title="bbox 322 3306 1428 3381; baseline 0.001 -16"><span class='ocrx_word' id='word_1_286' title='bbox 322 3311 413 3365; x_wconf 91' lang='lat' dir='ltr'>vvhioh</span> <span class='ocrx_word' id='word_1_287' title='bbox 427 3311 497 3380; x_wconf 84' lang='lat' dir='ltr'>they</span> <span class='ocrx_word' id='word_1_288' title='bbox 511 3311 567 3364; x_wconf 83' lang='lat' dir='ltr'>cell</span> <span class='ocrx_word' id='word_1_289' title='bbox 581 3312 717 3364; x_wconf 76' lang='lat' dir='ltr'>nominate</span> <span class='ocrx_word' id='word_1_290' title='bbox 731 3309 908 3370; x_wconf 84' lang='lat' dir='ltr'>contracts*;</span> <span class='ocrx_word' id='word_1_291' title='bbox 924 3313 976 3361; x_wconf 92' lang='lat' dir='ltr'>not</span> <span class='ocrx_word' id='word_1_292' title='bbox 989 3323 1021 3362; x_wconf 88' lang='lat' dir='ltr'>so</span> <span class='ocrx_word' id='word_1_293' title='bbox 1036 3306 1120 3363; x_wconf 88' lang='lat' dir='ltr'>much</span> <span class='ocrx_word' id='word_1_294' title='bbox 1135 3307 1254 3362; x_wconf 84' lang='lat' dir='ltr'>because</span> <span class='ocrx_word' id='word_1_295' title='bbox 1269 3307 1338 3381; x_wconf 88' lang='lat' dir='ltr'>they</span> <span class='ocrx_word' id='word_1_296' title='bbox 1354 3308 1428 3366; x_wconf 81' lang='lat' dir='ltr'>have</span> 
     </span>
     <span class='ocr_line' id='line_1_32' title="bbox 319 3385 1426 3467; baseline 0 -17"><span class='ocrx_word' id='word_1_297' title='bbox 319 3411 425 3467; x_wconf 89' lang='lat' dir='ltr'>proper</span> <span class='ocrx_word' id='word_1_298' title='bbox 441 3411 547 3459; x_wconf 82' lang='lat' dir='ltr'>names,</span> <span class='ocrx_word' id='word_1_299' title='bbox 560 3385 618 3464; x_wconf 88' lang='lat' dir='ltr'>(for</span> <span class='ocrx_word' id='word_1_300' title='bbox 628 3393 812 3464; x_wconf 66' lang='lat' dir='ltr'>pemmation</span> <span class='ocrx_word' id='word_1_301' title='bbox 826 3408 860 3445; x_wconf 91' lang='lat' dir='ltr'>or</span> <span class='ocrx_word' id='word_1_302' title='bbox 871 3390 1021 3463; x_wconf 76' lang='lat' dir='ltr'>erchange,</span> <span class='ocrx_word' id='word_1_303' title='bbox 1032 3392 1123 3448; x_wconf 91' lang='lat' dir='ltr'>vvhich</span> <span class='ocrx_word' id='word_1_304' title='bbox 1137 3392 1205 3464; x_wconf 89' lang='lat' dir='ltr'>they</span> <span class='ocrx_word' id='word_1_305' title='bbox 1217 3393 1335 3449; x_wconf 87' lang='lat' dir='ltr'>exclude</span> <span class='ocrx_word' id='word_1_306' title='bbox 1348 3395 1426 3451; x_wconf 89' lang='lat' dir='ltr'>from</span> 
     </span>
     <span class='ocr_line' id='line_1_33' title="bbox 319 3471 1427 3552; baseline 0.003 -18"><span class='ocrx_word' id='word_1_307' title='bbox 319 3481 464 3535; x_wconf 86' lang='lat' dir='ltr'>nominate</span> <span class='ocrx_word' id='word_1_308' title='bbox 481 3476 694 3543; x_wconf 64' lang='lat' dir='ltr'>contrectabas</span> <span class='ocrx_word' id='word_1_309' title='bbox 705 3478 765 3532; x_wconf 89' lang='lat' dir='ltr'>slso</span> <span class='ocrx_word' id='word_1_310' title='bbox 779 3495 797 3533; x_wconf 87' lang='lat' dir='ltr'>a</span> <span class='ocrx_word' id='word_1_311' title='bbox 812 3493 916 3549; x_wconf 87' lang='lat' dir='ltr'>proper</span> <span class='ocrx_word' id='word_1_312' title='bbox 937 3471 1042 3552; x_wconf 73' lang='lat' dir='ltr'>noma)</span> <span class='ocrx_word' id='word_1_313' title='bbox 1063 3495 1093 3534; x_wconf 87' lang='lat' dir='ltr'>as</span> <span class='ocrx_word' id='word_1_314' title='bbox 1116 3479 1244 3544; x_wconf 60' lang='lat' dir='ltr'>manse,</span> <span class='ocrx_word' id='word_1_315' title='bbox 1258 3480 1333 3535; x_wconf 86' lang='lat' dir='ltr'>from</span> <span class='ocrx_word' id='word_1_316' title='bbox 1349 3481 1427 3537; x_wconf 87' lang='lat' dir='ltr'>their</span> 
     </span>
     <span class='ocr_line' id='line_1_34' title="bbox 320 3563 1426 3635; baseline 0.002 -16"><span class='ocrx_word' id='word_1_317' title='bbox 320 3582 399 3620; x_wconf 88' lang='lat' dir='ltr'>more</span> <span class='ocrx_word' id='word_1_318' title='bbox 417 3564 550 3634; x_wconf 79' lang='lat' dir='ltr'>frequent</span> <span class='ocrx_word' id='word_1_319' title='bbox 572 3579 631 3627; x_wconf 89' lang='lat' dir='ltr'>use,</span> <span class='ocrx_word' id='word_1_320' title='bbox 651 3563 719 3635; x_wconf 88' lang='lat' dir='ltr'>they</span> <span class='ocrx_word' id='word_1_321' title='bbox 739 3563 811 3618; x_wconf 89' lang='lat' dir='ltr'>have</span> <span class='ocrx_word' id='word_1_322' title='bbox 830 3563 959 3618; x_wconf 86' lang='lat' dir='ltr'>received</span> <span class='ocrx_word' id='word_1_323' title='bbox 976 3580 993 3618; x_wconf 88' lang='lat' dir='ltr'>a</span> <span class='ocrx_word' id='word_1_324' title='bbox 1014 3566 1121 3619; x_wconf 86' lang='lat' dir='ltr'>certahv</span> <span class='ocrx_word' id='word_1_325' title='bbox 1140 3565 1218 3620; x_wconf 88' lang='lat' dir='ltr'>iores</span> <span class='ocrx_word' id='word_1_326' title='bbox 1238 3565 1295 3620; x_wconf 89' lang='lat' dir='ltr'>and</span> <span class='ocrx_word' id='word_1_327' title='bbox 1315 3572 1426 3632; x_wconf 86' lang='lat' dir='ltr'>nature,</span> 
     </span>
     <span class='ocr_line' id='line_1_35' title="bbox 318 3648 1425 3725; baseline 0.003 -22"><span class='ocrx_word' id='word_1_328' title='bbox 318 3650 409 3704; x_wconf 84' lang='lat' dir='ltr'>which</span> <span class='ocrx_word' id='word_1_329' title='bbox 424 3665 490 3721; x_wconf 84' lang='lat' dir='ltr'>may</span> <span class='ocrx_word' id='word_1_330' title='bbox 504 3649 541 3703; x_wconf 92' lang='lat' dir='ltr'>be</span> <span class='ocrx_word' id='word_1_331' title='bbox 559 3648 726 3721; x_wconf 90' lang='lat' dir='ltr'>sufficiently</span> <span class='ocrx_word' id='word_1_332' title='bbox 740 3649 912 3704; x_wconf 88' lang='lat' dir='ltr'>understood</span> <span class='ocrx_word' id='word_1_333' title='bbox 926 3649 964 3722; x_wconf 88' lang='lat' dir='ltr'>by</span> <span class='ocrx_word' id='word_1_334' title='bbox 979 3649 1029 3706; x_wconf 92' lang='lat' dir='ltr'>the</span> <span class='ocrx_word' id='word_1_335' title='bbox 1042 3659 1135 3718; x_wconf 86' lang='lat' dir='ltr'>name,</span> <span class='ocrx_word' id='word_1_336' title='bbox 1149 3651 1286 3722; x_wconf 77' lang='lat' dir='ltr'>although</span> <span class='ocrx_word' id='word_1_337' title='bbox 1304 3652 1425 3725; x_wconf 83' lang='lat' dir='ltr'>nothing</span> 
     </span>
     <span class='ocr_line' id='line_1_36' title="bbox 317 3734 1424 3807; baseline 0.003 -17"><span class='ocrx_word' id='word_1_338' title='bbox 317 3735 354 3790; x_wconf 93' lang='lat' dir='ltr'>be</span> <span class='ocrx_word' id='word_1_339' title='bbox 366 3734 426 3790; x_wconf 86' lang='lat' dir='ltr'>said</span> <span class='ocrx_word' id='word_1_340' title='bbox 437 3734 579 3807; x_wconf 85' lang='lat' dir='ltr'>specislly.</span> <span class='ocrx_word' id='word_1_341' title='bbox 611 3735 737 3790; x_wconf 88' lang='lat' dir='ltr'>Whence</span> <span class='ocrx_word' id='word_1_342' title='bbox 748 3737 807 3792; x_wconf 86' lang='lat' dir='ltr'>also</span> <span class='ocrx_word' id='word_1_343' title='bbox 819 3734 885 3789; x_wconf 90' lang='lat' dir='ltr'>with</span> <span class='ocrx_word' id='word_1_344' title='bbox 898 3736 998 3807; x_wconf 83' lang='lat' dir='ltr'>regnrd</span> <span class='ocrx_word' id='word_1_345' title='bbox 1010 3742 1041 3792; x_wconf 88' lang='lat' dir='ltr'>to</span> <span class='ocrx_word' id='word_1_346' title='bbox 1052 3737 1130 3792; x_wconf 90' lang='lat' dir='ltr'>them</span> <span class='ocrx_word' id='word_1_347' title='bbox 1139 3737 1220 3792; x_wconf 87' lang='lat' dir='ltr'>there</span> <span class='ocrx_word' id='word_1_348' title='bbox 1232 3754 1305 3794; x_wconf 89' lang='lat' dir='ltr'>vvere</span> <span class='ocrx_word' id='word_1_349' title='bbox 1317 3740 1424 3793; x_wconf 86' lang='lat' dir='ltr'>certain</span> 
     </span>
     <span class='ocr_line' id='line_1_37' title="bbox 317 3820 1424 3889; baseline 0.005 -14"><span class='ocrx_word' id='word_1_350' title='bbox 317 3820 488 3876; x_wconf 86' lang='lat' dir='ltr'>established</span> <span class='ocrx_word' id='word_1_351' title='bbox 506 3821 636 3876; x_wconf 80' lang='lat' dir='ltr'>formulae</span> <span class='ocrx_word' id='word_1_352' title='bbox 653 3821 687 3876; x_wconf 87' lang='lat' dir='ltr'>oi</span> <span class='ocrx_word' id='word_1_353' title='bbox 699 3823 816 3877; x_wconf 76' lang='lat' dir='ltr'>actions.</span> <span class='ocrx_word' id='word_1_354' title='bbox 852 3821 946 3876; x_wconf 86' lang='lat' dir='ltr'>While</span> <span class='ocrx_word' id='word_1_355' title='bbox 961 3823 991 3876; x_wconf 92' lang='lat' dir='ltr'>in</span> <span class='ocrx_word' id='word_1_356' title='bbox 1005 3822 1089 3878; x_wconf 92' lang='lat' dir='ltr'>other</span> <span class='ocrx_word' id='word_1_357' title='bbox 1103 3829 1254 3889; x_wconf 60' lang='lat' dir='ltr'>contracta</span> <span class='ocrx_word' id='word_1_358' title='bbox 1272 3824 1362 3879; x_wconf 80' lang='lat' dir='ltr'>which</span> <span class='ocrx_word' id='word_1_359' title='bbox 1374 3839 1424 3880; x_wconf 82' lang='lat' dir='ltr'>are</span> 
     </span>
     <span class='ocr_line' id='line_1_38' title="bbox 317 3905 1424 3981; baseline 0.005 -22"><span class='ocrx_word' id='word_1_360' title='bbox 317 3905 372 3961; x_wconf 89' lang='lat' dir='ltr'>less</span> <span class='ocrx_word' id='word_1_361' title='bbox 386 3906 528 3977; x_wconf 85' lang='lat' dir='ltr'>frequent,</span> <span class='ocrx_word' id='word_1_362' title='bbox 544 3906 608 3963; x_wconf 81' lang='lat' dir='ltr'>that</span> <span class='ocrx_word' id='word_1_363' title='bbox 622 3908 689 3979; x_wconf 86' lang='lat' dir='ltr'>only</span> <span class='ocrx_word' id='word_1_364' title='bbox 700 3924 755 3962; x_wconf 84' lang='lat' dir='ltr'>was</span> <span class='ocrx_word' id='word_1_365' title='bbox 770 3906 886 3978; x_wconf 91' lang='lat' dir='ltr'>implied</span> <span class='ocrx_word' id='word_1_366' title='bbox 901 3907 991 3962; x_wconf 85' lang='lat' dir='ltr'>which</span> <span class='ocrx_word' id='word_1_367' title='bbox 1003 3925 1058 3964; x_wconf 83' lang='lat' dir='ltr'>was</span> <span class='ocrx_word' id='word_1_368' title='bbox 1076 3910 1241 3981; x_wconf 85' lang='lat' dir='ltr'>expressed;</span> <span class='ocrx_word' id='word_1_369' title='bbox 1255 3909 1312 3965; x_wconf 84' lang='lat' dir='ltr'>and</span> <span class='ocrx_word' id='word_1_370' title='bbox 1329 3909 1424 3965; x_wconf 88' lang='lat' dir='ltr'>thore·</span> 
     </span>
     <span class='ocr_line' id='line_1_39' title="bbox 316 3991 1422 4064; baseline 0.005 -20"><span class='ocrx_word' id='word_1_371' title='bbox 316 3991 379 4047; x_wconf 86' lang='lat' dir='ltr'>fore</span> <span class='ocrx_word' id='word_1_372' title='bbox 394 3991 475 4047; x_wconf 92' lang='lat' dir='ltr'>there</span> <span class='ocrx_word' id='word_1_373' title='bbox 486 4009 542 4047; x_wconf 86' lang='lat' dir='ltr'>vves</span> <span class='ocrx_word' id='word_1_374' title='bbox 556 3999 607 4048; x_wconf 90' lang='lat' dir='ltr'>not</span> <span class='ocrx_word' id='word_1_375' title='bbox 621 4010 678 4064; x_wconf 83' lang='lat' dir='ltr'>any</span> <span class='ocrx_word' id='word_1_376' title='bbox 689 4009 819 4048; x_wconf 88' lang='lat' dir='ltr'>common</span> <span class='ocrx_word' id='word_1_377' title='bbox 834 3993 891 4047; x_wconf 89' lang='lat' dir='ltr'>and</span> <span class='ocrx_word' id='word_1_378' title='bbox 906 3994 986 4047; x_wconf 80' lang='lat' dir='ltr'>usucd</span> <span class='ocrx_word' id='word_1_379' title='bbox 998 3994 1073 4049; x_wconf 84' lang='lat' dir='ltr'>form</span> <span class='ocrx_word' id='word_1_380' title='bbox 1088 3996 1121 4050; x_wconf 84' lang='lat' dir='ltr'>ci</span> <span class='ocrx_word' id='word_1_381' title='bbox 1132 3996 1236 4058; x_wconf 87' lang='lat' dir='ltr'>action,</span> <span class='ocrx_word' id='word_1_382' title='bbox 1250 3995 1302 4050; x_wconf 88' lang='lat' dir='ltr'>but</span> <span class='ocrx_word' id='word_1_383' title='bbox 1314 4013 1333 4049; x_wconf 83' lang='lat' dir='ltr'>a</span> <span class='ocrx_word' id='word_1_384' title='bbox 1345 3996 1422 4051; x_wconf 88' lang='lat' dir='ltr'>form</span> 
     </span>
     <span class='ocr_line' id='line_1_40' title="bbox 316 4077 1421 4152; baseline 0.005 -22"><span class='ocrx_word' id='word_1_385' title='bbox 316 4078 547 4134; x_wconf 83' lang='lat' dir='ltr'>accommodsted</span> <span class='ocrx_word' id='word_1_386' title='bbox 562 4085 591 4134; x_wconf 92' lang='lat' dir='ltr'>to</span> <span class='ocrx_word' id='word_1_387' title='bbox 604 4077 653 4134; x_wconf 89' lang='lat' dir='ltr'>the</span> <span class='ocrx_word' id='word_1_388' title='bbox 666 4078 734 4144; x_wconf 88' lang='lat' dir='ltr'>fact,</span> <span class='ocrx_word' id='word_1_389' title='bbox 749 4077 840 4133; x_wconf 81' lang='lat' dir='ltr'>which</span> <span class='ocrx_word' id='word_1_390' title='bbox 856 4095 912 4134; x_wconf 86' lang='lat' dir='ltr'>wss</span> <span class='ocrx_word' id='word_1_391' title='bbox 927 4078 1070 4136; x_wconf 84' lang='lat' dir='ltr'>therefore</span> <span class='ocrx_word' id='word_1_392' title='bbox 1085 4081 1176 4137; x_wconf 82' lang='lat' dir='ltr'>called</span> <span class='ocrx_word' id='word_1_393' title='bbox 1194 4080 1299 4136; x_wconf 86' lang='lat' dir='ltr'>siorm</span> <span class='ocrx_word' id='word_1_394' title='bbox 1313 4083 1343 4135; x_wconf 80' lang='lat' dir='ltr'>in</span> <span class='ocrx_word' id='word_1_395' title='bbox 1357 4099 1421 4152; x_wconf 84' lang='lat' dir='ltr'>pre-</span> 
     </span>
     <span class='ocr_line' id='line_1_41' title="bbox 315 4165 512 4234; baseline 0.005 -17"><span class='ocrx_word' id='word_1_396' title='bbox 315 4165 400 4234; x_wconf 80' lang='lat' dir='ltr'>script</span> <span class='ocrx_word' id='word_1_397' title='bbox 415 4165 512 4218; x_wconf 83' lang='lat' dir='ltr'>words.</span> 
     </span>
    </p>

    <p class='ocr_par' dir='ltr' id='par_1_10' title="bbox 315 4249 1422 4410">
     <span class='ocr_line' id='line_1_42' title="bbox 373 4249 1421 4324; baseline 0.005 -20"><span class='ocrx_word' id='word_1_398' title='bbox 373 4251 430 4305; x_wconf 81' lang='lat' dir='ltr'>For</span> <span class='ocrx_word' id='word_1_399' title='bbox 447 4249 496 4304; x_wconf 90' lang='lat' dir='ltr'>the</span> <span class='ocrx_word' id='word_1_400' title='bbox 518 4266 596 4305; x_wconf 79' lang='lat' dir='ltr'>same</span> <span class='ocrx_word' id='word_1_401' title='bbox 618 4267 727 4313; x_wconf 87' lang='lat' dir='ltr'>reason,</span> <span class='ocrx_word' id='word_1_402' title='bbox 744 4250 778 4305; x_wconf 86' lang='lat' dir='ltr'>of</span> <span class='ocrx_word' id='word_1_403' title='bbox 794 4266 813 4303; x_wconf 90' lang='lat' dir='ltr'>a</span> <span class='ocrx_word' id='word_1_404' title='bbox 830 4267 913 4306; x_wconf 86' lang='lat' dir='ltr'>more</span> <span class='ocrx_word' id='word_1_405' title='bbox 934 4253 1066 4324; x_wconf 88' lang='lat' dir='ltr'>frequent</span> <span class='ocrx_word' id='word_1_406' title='bbox 1088 4269 1138 4306; x_wconf 89' lang='lat' dir='ltr'>use</span> <span class='ocrx_word' id='word_1_407' title='bbox 1161 4253 1191 4306; x_wconf 92' lang='lat' dir='ltr'>in</span> <span class='ocrx_word' id='word_1_408' title='bbox 1209 4252 1259 4308; x_wconf 88' lang='lat' dir='ltr'>tho</span> <span class='ocrx_word' id='word_1_409' title='bbox 1276 4253 1421 4309; x_wconf 83' lang='lat' dir='ltr'>nominate</span> 
     </span>
     <span class='ocr_line' id='line_1_43' title="bbox 315 4336 1422 4410; baseline 0.002 -20"><span class='ocrx_word' id='word_1_410' title='bbox 315 4341 465 4403; x_wconf 80' lang='lat' dir='ltr'>contracte,</span> <span class='ocrx_word' id='word_1_411' title='bbox 480 4336 507 4391; x_wconf 89' lang='lat' dir='ltr'>if</span> <span class='ocrx_word' id='word_1_412' title='bbox 515 4338 622 4392; x_wconf 87' lang='lat' dir='ltr'>certain</span> <span class='ocrx_word' id='word_1_413' title='bbox 637 4337 784 4409; x_wconf 87' lang='lat' dir='ltr'>requisites</span> <span class='ocrx_word' id='word_1_414' title='bbox 799 4353 871 4392; x_wconf 86' lang='lat' dir='ltr'>vere</span> <span class='ocrx_word' id='word_1_415' title='bbox 885 4345 1007 4408; x_wconf 75' lang='lat' dir='ltr'>present</span> <span class='ocrx_word' id='word_1_416' title='bbox 1024 4337 1073 4393; x_wconf 92' lang='lat' dir='ltr'>the</span> <span class='ocrx_word' id='word_1_417' title='bbox 1087 4339 1225 4410; x_wconf 82' lang='lat' dir='ltr'>necessity</span> <span class='ocrx_word' id='word_1_418' title='bbox 1238 4339 1271 4394; x_wconf 89' lang='lat' dir='ltr'>cf</span> <span class='ocrx_word' id='word_1_419' title='bbox 1288 4338 1422 4410; x_wconf 78' lang='lat' dir='ltr'>fuldlling</span> 
     </span>
    </p>
   </div>
   <div class='ocr_carea' id='block_1_7' title="bbox 712 4483 1014 4544">
    <p class='ocr_par' dir='ltr' id='par_1_11' title="bbox 712 4483 1014 4544">
     <span class='ocr_line' id='line_1_44' title="bbox 712 4483 1014 4544; baseline 0.013 -13"><span class='ocrx_word' id='word_1_420' title='bbox 712 4483 1014 4544; x_wconf 45' lang='lat' dir='ltr'>&#39;cessurusne</span> 
     </span>
    </p>
   </div>
   <div class='ocr_carea' id='block_1_8' title="bbox 0 0 1618 5136">
    <p class='ocr_par' dir='ltr' id='par_1_12' title="bbox 0 0 1618 5136">
     <span class='ocr_line' id='line_1_45' title="bbox 0 0 1618 5136; baseline 0 8"><span class='ocrx_word' id='word_1_421' title='bbox 0 0 1618 5136; x_wconf 95' lang='lat' dir='ltr'> </span> 
     </span>
    </p>
   </div>
  </div>
 </body>
</html>
