3298 5128
215 346 284 404 Car.
297 339 393 416 XIX]
539 345 592 401 Dli
614 345 713 402 nunu
736 345 988 404 SEPULTURAE.
1254 339 1316 404 231

214 508 301 600 regis
320 507 542 586 cumulaverat,
567 531 589 576 a
608 509 694 600 regis
717 509 873 578 interfecti
890 510 953 578 filio
980 511 1093 578 Oreste
1118 510 1213 578 homo
1231 533 1317 580 man.

216 611 323 678 datum
344 610 502 676 Homerus
523 621 676 676 memorat
698 610 850 700 Odyssea
872 610 977 677 tertio.
1018 611 1082 677 Sed
1099 619 1132 678 et
1152 611 1236 699 apud
1253 613 1316 678 Ro-
1330 624 1467 672 liv-ww·

213 731 322 776 manos
339 709 492 796 Ulpianus
507 730 639 796 eorpora
655 731 761 776 eorum
778 709 832 798 qui
848 709 957 798 capitis
973 710 1160 777 damnantur
1176 712 1316 800 cognatis
1328 721 1377 806 ᾖ
1385 721 1468 807 ψ

214 809 262 876 ait
285 809 432 898 neganda
456 830 519 874 non
543 831 629 876 esses
654 808 715 876 imo
742 817 776 876 et
799 809 987 896 quibuslibet
1010 809 1188 898 psmntihus
1212 811 1316 878 danda
1352 842 1355 851 .

214 908 334 976 oenamt
351 907 467 976 Paulus
479 907 725 995 jurisconsultus.
767 910 812 976 Ει
827 908 1039 976 Diocletianus
1054 931 1092 975 ae
1108 909 1316 977 Maximianus
1328 919 1471 962 ”iffi-‘M

215 1009 426 1095 Imperatores
441 1008 487 1074 ita
503 1009 750 1095 responderunt:
769 1011 920 1076 ohtwoioa
935 1012 1110 1076 eriminum
1125 1011 1224 1098 digno
1239 1034 1315 1098 sup
1328 1018 1405 1116 ἓξὲξ
1414 1023 1469 1064 (ιὰ

210 1109 315 1195 ptioio
332 1111 463 1193 affectos
478 1109 671 1194 'sepulturus
688 1110 781 1174 tradi
793 1131 859 1174 ιιοιι
874 1121 1027 1176 vetamus.

291 1210 313 1273 2
348 1206 496 1296 Legimus
510 1206 635 1294 quidem
651 1207 685 1272 in
700 1207 837 1274 historiis
852 1208 995 1296 exempla
1015 1230 1131 1288 eorum,
1149 1209 1220 1297 'qni
1235 1208 1315 1276 inse-

215 1306 295 1394 pulti
316 1305 429 1394 abjeoti
445 1314 527 1385 sunt,
544 1306 756 1394 frequentiora
778 1306 918 1374 civilibus
933 1328 1027 1394 quam
1049 1308 1186 1376 externis
1206 1309 1314 1376 bellis:

215 1415 249 1473 et
263 1404 355 1472 hodie
372 1405 511 1472 videmus
527 1404 721 1493 quorundam
738 1405 954 1473 damnatorum
971 1429 1103 1495 eorpora
1119 1408 1173 1474 diu
1188 1407 1222 1474 in
1237 1409 1315 1496 pub-

215 1505 274 1572 lioo
289 1511 453 1592 oonspeotu
466 1504 617 1592 relinqui:
635 1504 688 1593 qui
704 1514 809 1572 mmen
825 1527 892 1572 mos
908 1528 949 1572 an
965 1505 1138 1574 laudandus
1154 1507 1195 1576 sit
1211 1507 1314 1595 dispu-
1327 1512 1428 1554 Bel-⁴¹⁶

1327 1561 1420 1600 &must
1428 1561 1442 1598 i.
1449 1560 1478 1598 12

216 1611 295 1682 tant,
313 1627 375 1670 non
391 1604 505 1693 politiei
523 1613 654 1681 tantum,
671 1603 727 1671 sed
744 1613 777 1671 et
794 1605 940 1695 theologi
1323 1607 1474 1736 {iiim-45¹

286 1707 308 1770 3
343 1703 471 1784 Contra,
488 1704 631 1771 laudatos
647 1703 787 1770 uidemus
803 1704 856 1791 qui
871 1704 996 1792 sepeliri
1008 1704 1169 1793 jusserunt
1182 1728 1314 1794 eorpora
1325 1698 1478 1793 etthim

215 1825 333 1881 eornm,
350 1802 403 1891 qni
419 1803 452 1870 id
468 1804 568 1892 ipsum
583 1804 650 1872 aliis
665 1824 728 1868 non
740 1803 955 1890 permiserant,
972 1813 1009 1872 nt
1020 1805 1205 1873 Pausaniam
1218 1808 1314 1873 laee-
1328 1791 1442 1840 Νη·

216 1903 438 1970 demoniorum
460 1925 578 1992 regem,
600 1903 654 1990 qui
676 1902 822 1970 inaltatus
846 1904 887 1969 ab
906 1903 1064 1993 Aiginetis
1086 1912 1124 1971 ut
1148 1907 1314 1972 Persarum

214 2003 331 2070 laetum
346 2003 378 2068 in
394 2002 562 2070 leonidam
577 2002 668 2069 simili
683 2002 766 2068 iaeto
780 2001 989 2080 ulcisceretur,
1004 2004 1162 2070 eonsilium
1179 2012 1216 2071 ut
1230 2026 1264 2070 se
1278 2025 1316 2070 ao

218 2102 329 2169 Graeoo
357 2102 480 2169 nomine
505 2102 667 2192 indignum
697 2101 813 2188 rejecit.
860 2101 954 2189 Apud
984 2101 1148 2192 Papinium
1176 2104 1315 2171 Theseus

218 2201 383 2270 Creontem
399 2202 442 2267 sie
458 2201 625 2289 alloquitur
640 2202 758 2286 (nnat.
777 2219 835 2268 x11.
855 2199 955 2288 780):

646 2322 728 2377 Vade
742 2327 805 2377 atra
818 2321 935 2378 daturus

400 2407 552 2482 Supplicia
567 2409 740 2480 extremique
755 2414 852 2464 tamen
865 2423 964 2465 seoure
978 2409 1128 2482 sepulchri.

216 2505 428 2574 Alexandrum
449 2528 573 2595 quoque
598 2507 763 2574 Jannaeum
786 2528 903 2597 regem,
930 2506 1035 2593 quiin
1058 2515 1196 2574 mortuos
1218 2529 1315 2596 popu·
1327 2530 1477 2619 {maffia

216 2607 297 2672 lares
314 2606 407 2674 ualde
422 2605 659 2672 eontumeliosus
675 2606 789 2683 fuerat,
811 2605 1000 2693 sepelierunt
1018 2607 1179 2674 Pharisaei.
1223 2608 1316 2686 Quod
1472 2602 1479 2616 ’

215 2706 243 2770 si
257 2707 344 2771 Deus
365 2705 522 2772 interdum
539 2705 707 2792 sepultura
726 2703 852 2791 jaotura
868 2705 1017 2792 quosdam
1040 2706 1149 2793 puniit,
1164 2706 1238 2773 feeit
1257 2706 1317 2773 hoo

217 2825 272 2870 suo
294 2804 368 2892 jure
396 2826 492 2892 supra
517 2803 604 2895 leges
632 2803 828 2870 constitutus.
878 2805 922 2870 Et
946 2803 1030 2891 quod
1058 2805 1195 2872 (ioliathi
1223 2815 1318 2894 eaput

217 2904 322 2973 David
347 2904 485 2972 seruauit
506 2903 651 2982 ostentui,
677 2903 793 2970 foetum
818 2902 935 2969 soilioet
959 2903 993 2968 in
1014 2902 1229 2994 alienigenam,
1256 2905 1319 2971 Dei

216 3083 692 3144 Pnnonemmaalnaematpagstr
703 3081 741 3144 a.)
791 3081 866 3143 (Αιιι.
886 3079 947 3130 Jud.
964 3079 1018 3127 Lib.
1035 3093 1098 3127 xm.
1111 3093 1133 3129 o.
1149 3093 1187 3127 xv.
1204 3080 1252 3142 μ
1268 3081 1318 3130 Ed.

261 3157 622 3221 'Qsliasepultr'ohjeotimt]
638 3159 741 3206 lddw-
790 3154 913 3216 Hudson.)
949 3155 1021 3202 Adde
1043 3155 1219 3210 Quintilianum
1239 3156 1320 3203 (isola-

217 3236 267 3296 φιᾳ
279 3236 385 3295 ὑβρίζειν
394 3237 442 3282 τὸν
450 3233 536 3294 νεκρὸν
545 3235 606 3282 dixit
618 3232 741 3294 Jooephm
791 3233 897 3280 mutiens
907 3237 1003 3293 quarta,
1013 3231 1077 3292 (esp.
1088 3231 1119 3280 lx.
1130 3231 1180 3280 Ed.
1189 3232 1319 3294 Bm.)

217 3311 242 3356 ln
262 3315 340 3358 morte
358 3309 498 3357 ludaeorum
517 3308 582 3368 regia
601 3307 742 3366 Alexandri,

217 3551 309 3609 whieh
324 3569 391 3609 man
409 3554 433 3609 is
450 3553 543 3610 made.
587 3553 720 3626 Egisthns
734 3569 789 3608 was
804 3552 905 3608 buried
925 3553 964 3626 hy
984 3552 1107 3609 Orestes.
1141 3552 1253 3627 Among
1269 3553 1319 3610 the

217 3642 351 3706 Romans,
364 3639 415 3695 the
429 3639 526 3696 bodies
544 3639 578 3695 oi
592 3639 674 3696 those
688 3638 824 3696 exeonted
838 3655 911 3694 were
928 3644 979 3694 not
996 3640 1097 3695 denied
1113 3645 1144 3695 to
1158 3639 1234 3696 their
1246 3639 1320 3695 rela-

217 3727 305 3791 tives;
326 3743 360 3782 or
377 3742 448 3782 esen
466 3731 497 3781 to
515 3743 571 3798 any
585 3725 647 3781 who
665 3725 752 3781 asked
773 3725 820 3780 ior
832 3724 920 3790 them,
942 3741 973 3780 as
987 3725 1092 3780 Paulus
1111 3724 1241 3800 thought.
1280 3725 1319 3781 So

215 3812 376 3868 Diooletim
390 3811 447 3866 and
460 3812 614 3867 Maximian
628 3810 763 3867 directed.

272 3903 290 3953 2
311 3897 462 3970 Examples
477 3897 511 3953 oi
521 3897 619 3954 bodies
635 3897 745 3953 throvn
760 3903 811 3953 ont
827 3897 976 3962 unburied,
990 3913 1039 3952 are
1050 3913 1130 3953 more
1144 3913 1275 3953 common
1288 3897 1319 3952 in

216 3982 283 4037 oivil
297 3981 367 4037 than
383 3983 414 4038 in
427 3983 538 4055 foreign
552 3999 632 4039 wara.
669 3983 733 4038 And
752 3989 783 4038 at
797 3982 854 4038 this
871 3983 934 4054 day,
950 3999 1027 4038 some
1041 3984 1181 4039 criminals
1195 3999 1244 4039 are
1257 3983 1319 4055 gih-

217 4067 305 4123 heted
316 4067 372 4124 and
383 4067 436 4124 leit
447 4069 477 4123 in
488 4069 583 4140 publio
598 4070 683 4124 view:
699 4068 752 4124 hut
763 4068 889 4124 whether
901 4068 957 4124 this
968 4069 1004 4124 be
1016 4086 1034 4124 a
1045 4069 1176 4126 laudabis
1187 4071 1320 4142 praetioe,

218 4153 384 4226 isdieputed
398 4154 468 4210 both
480 4155 518 4227 hy
530 4155 689 4227 politioians
703 4155 759 4210 and
771 4155 810 4227 hy
824 4154 1007 4227 theologiam.

270 4245 288 4296 8
310 4240 354 4296 On
378 4240 427 4297 the
448 4240 532 4296 other
550 4240 635 4306 hand,
652 4257 694 4296 we
709 4241 769 4295 And
786 4257 902 4314 persons
920 4239 1041 4313 praised,
1057 4240 1103 4296 ior
1120 4238 1252 4308 ordering
1268 4237 1319 4294 the

214 4324 314 4382 bodies
329 4325 363 4382 oi
373 4327 455 4382 those
475 4337 506 4383 to
524 4326 561 4382 he
579 4327 680 4382 buriod
698 4326 760 4381 who
774 4327 831 4382 had
847 4326 1013 4382 themselves
1027 4325 1140 4382 refused
1156 4323 1205 4379 the
1218 4323 1273 4377 rite
1288 4329 1318 4378 to

216 4411 321 4478 others,
340 4429 371 4467 as
389 4413 551 4470 Pausanias.
590 4413 629 4468 So
651 4412 758 4468 Statius
771 4413 868 4468 melnes
883 4411 1008 4468 Theseus
1029 4417 1076 4466 aet
1096 4415 1127 4465 ιο
1142 4409 1243 4464 Oneon.
1279 4408 1318 4463 So

215 4497 267 4558 sne
283 4497 432 4554 Pharisees
448 4497 547 4554 buried
567 4498 727 4554 Alexander
739 4500 882 4554 lamneus.
914 4497 945 4553 Ii
957 4497 1022 4554 (iod
1036 4493 1175 4568 punished
1189 4509 1267 4549 some
1280 4492 1319 4566 by
