3228 5136
361 321 402 380 82
719 323 771 378 DE
795 323 1098 380 coNTnlc'rlssUs.
1335 321 1408 390 [Lm.
1422 323 1458 377 IL

360 479 501 570 ducendi,
520 491 561 557 ad
586 489 800 578 procidendae
825 486 1052 554 controversias
1074 485 1218 563 infinitas,
1236 495 1269 554 et
1286 489 1326 553 eb
1343 487 1460 556 ineerta

359 613 465 656 rerum
491 589 594 677 pretia
619 591 701 656 inter
724 610 786 666 eos,
805 587 859 674 qui
881 608 1073 652 communem
1094 585 1231 672 judicem
1248 608 1311 652 non
1333 588 1458 668 habent,

360 689 600 777 inexplicabiles,
624 711 699 777 qnae
722 687 815 753 vitari
839 708 902 751 non
918 693 1064 772 poterant
1080 707 1107 750 er
1096 685 1163 750 ob
1180 683 1424 770 maequahtatem
1440 709 1460 754 a

195 811 340 895 {pedraca
361 789 460 875 pactis
494 789 653 855 discedere
684 787 830 853 licuisset
875 787 959 850 Hece
986 797 1032 850 est
1058 785 1206 850 emtionis
1229 797 1326 868 atqae
1352 789 1460 852 vendi·

200 903 262 942 ren
290 857 347 895 Μ’
363 890 462 954 tionis
485 890 673 954 substantio
697 887 799 970 (aiunt
819 886 1039 971 Imperatores,
1060 882 1241 949 substantia
1258 883 1382 950 nomine
1398 907 1460 950 mo-

361 1009 428 1052 rem
445 995 630 1073 perpetuum
647 985 869 1074 significantes)
886 985 972 1067 qaod
988 995 1089 1050 ernter·
1104 984 1220 1048 viliore
1234 987 1458 1068 comparandi,

361 1089 508 1152 eonditor
531 1088 659 1152 cariore
683 1085 891 1151 distrahendi
916 1095 1023 1148 votem
1046 1093 1189 1167 gerentes
1213 1083 1260 1147 od
1284 1085 1369 1148 hene
1390 1106 1461 1149 cen·

362 1197 505 1250 tractum
528 1187 696 1262 accedant,
722 1187 839 1270 oroque
865 1186 957 1268 lpost
982 1183 1104 1248 mettas
1130 1184 1352 1259 contentiones,
1374 1205 1460 1272 paet-

362 1285 458 1350 lotim
478 1286 642 1351 conditore
665 1287 706 1349 de
730 1305 765 1349 ee
788 1284 875 1368 qaod
891 1283 1036 1366 petierat
1052 1282 1248 1357 detrahente,
1268 1293 1386 1347 emtore
1402 1303 1459 1346 aa·

363 1395 425 1448 tem
450 1385 527 1448 lenio
556 1385 643 1469 praed
669 1383 831 1448 obtulerat
859 1382 1008 1456 oddertte,
1040 1381 1087 1445 od
1112 1392 1234 1446 certem
1259 1383 1459 1446 cernentium

196 1495 340 1578 {pem
356 1483 512 1568 pretium.
575 1482 694 1548 Seneca
726 1480 772 1546 sit
802 1479 861 1545 hoe
890 1478 943 1565 jus
973 1477 1161 1564 respiciens:
1204 1480 1294 1560 Quid
1328 1481 1459 1546 interest

362 1584 479 1667 quanti
507 1583 584 1658 sint,
615 1603 688 1646 cem
717 1583 757 1645 de
781 1581 892 1664 pretio
923 1581 1010 1644 inter
1039 1590 1189 1645 ementem
1218 1590 1248 1643 et
1278 1581 1459 1645 vendentem

362 1681 573 1746 convenerit?
638 1680 740 1746 Nitit
758 1680 921 1745 venditori
947 1678 1037 1743 debet
1066 1680 1124 1762 qui
1146 1678 1220 1743 bene
1248 1679 1334 1743 emit.
1396 1677 1460 1742 An·

197 1792 244 1833 ⁸¹0·
254 1795 301 1833 ue
362 1779 508 1846 dronieus
531 1778 674 1846 Rhodius
696 1799 789 1844 sensu
812 1777 940 1842 eodem:
975 1771 1019 1843 τὰ
1043 1772 1115 1868 γὰρ
1141 1771 1178 1842 ἑν
1204 1777 1273 1848 τοῖς
1302 1771 1459 1848 ἑκουσίοις

236 1954 241 1964 ,
361 1874 623 1968 σνναλλαγμασι
665 1868 851 1999 ae'pdes‘
815 1905 894 1945 οντε
930 1867 1087 1944 ilerde
1072 1903 1176 1958 εστιν,
1215 1869 1295 1943 οὔτε
1335 1870 1459 1944 ciliove

363 2007 430 2048 ταν.
463 1976 591 2046 τούτων
620 2005 693 2069 ’γαρ
724 1969 831 2045 ἄδειαν
858 1967 1011 2044 ἔδωκεν
994 2004 1013 2041 ο
1040 1969 1144 2053 νόμον·
1194 1976 1351 2052 Lucrum,
1375 1977 1460 2058 qued

362 2073 544 2144 '‘voluntote
564 2078 823 2144 contrahentium
843 2076 1041 2191 percipitur,
1064 2096 1121 2140 neo
1145 2075 1302 2156 injustam
1322 2087 1378 2150 eet,
1404 2095 1460 2140 nee

361 2179 548 2259 corripitur.
596 2176 682 2258 Ejus
707 2177 792 2239 enim
814 2176 864 2240 rei
884 2174 1051 2239 licentiam
1075 2173 1125 2238 len
1144 2175 1323 2238 concesseit.

193 2287 328 2334 conuersos
436 2276 459 2337 4
493 2275 535 2350 Is,
553 2293 645 2360 quem
662 2271 797 2337 indicavi
814 2271 907 2358 paule
923 2280 1007 2348 ante,
1025 2270 1158 2358 scriptor
1175 2271 1249 2338 vitae
1266 2271 1387 2350 Isidori,
1404 2271 1458 2336 mi-

195 2334 294 2426 lilii?
360 2370 446 2436 noris
471 2371 556 2457 justo
588 2392 702 2448 emere,
731 2377 787 2436 aut
814 2369 913 2457 pluris
942 2369 1088 2448 vendere,
1119 2377 1211 2436 vocat
1240 2362 1413 2438 ridentes
1396 2399 1460 2437 uro

359 2498 419 2550 μεν
446 2498 508 2538 τον
540 2466 636 2552 νόμον
665 2463 858 2564 αφειμὲνην,
891 2496 934 2534 το
971 2461 1007 2536 de
1038 2459 1207 2536 δίκαιον’
1188 2466 1458 2562 ανατρέπονσαν·

358 2569 559 2652 injustitiam
588 2592 612 2635 o
640 2571 705 2656 lege
734 2570 865 2656 quidem
889 2570 1098 2654 permotam,
1130 2570 1187 2635 sed
1216 2591 1287 2656 quoe
1315 2592 1351 2636 re
1384 2571 1460 2655 ipsa

352 2668 479 2752 juetam
495 2679 674 2754 permutat.

279 2876 285 2888 .
358 2841 417 2888 cicel
427 2842 525 2902 querele
534 2843 678 2891 luetituttur.
689 2843 706 2888 l.
718 2843 754 2892 19.
769 2845 855 2888 meter.
865 2842 883 2889 l.
935 2839 1004 2888 nude
1016 2841 1156 2901 pervertent
1171 2842 1206 2888 ud
1217 2841 1280 2902 ,iusti
1292 2843 1368 2904 pretii
1378 2844 1460 2903 fineen,

359 2930 415 2964 nam
432 2917 485 2964 etsi.
504 2917 709 2966 lenerents.
726 2917 759 2966 D.
777 2917 885 2978 delneff.
935 2916 1461 2978 emungatmeqaeapetneeptteeaper

362 2991 499 3039 Testament.
512 2993 620 3040 addital.
633 3007 687 3039 eum
697 2993 791 3038 duobus
805 2994 842 3039 13.
854 2991 883 3040 0.
940 2991 966 3038 U
973 2991 1067 3037 literana
1076 2993 1228 3040 seritetnteer.
1245 2993 1408 3047 Quintilianus
1418 2995 1461 3040 de-

358 3065 442 3112 eedem
454 3067 533 3114 titulo.
935 3061 1246 3124 chmeuoneproeivtem:
1259 3066 1301 3111 dier
1312 3067 1460 3113 condensus

402 3139 490 3187 ePoet
502 3141 589 3187 multus
604 3139 767 3199 οονιὲονιιίονιω]
783 3139 884 3185 Festus:
935 3141 977 3183 eet.
993 3137 1254 3198 (Dectxrnpegala
1278 3139 1459 3200 neeeroets)

360 3211 473 3258 Corionee
491 3211 550 3257 dieti
569 3210 677 3256 vidntur
696 3223 713 3254 a
733 3209 886 3266 σννιοίαιίονιο,
979 3211 991 3244 l
1006 3211 1154 3259 Ver-tendum
1165 3217 1228 3260 eret:
1238 3214 1303 3274 qaod
1311 3215 1337 3261 in
1346 3213 1461 3263 osam

357 3284 422 3345 quod
436 3285 462 3329 ta
475 3281 886 3341 mmmmm
935 3285 1210 3344 semetsemet
1239 3287 1310 3338 J.B.

357 3528 479 3594 evident,
500 3529 531 3584 in
550 3529 634 3585 order
653 3536 683 3586 to
703 3531 815 3588 obviate
829 3533 939 3589 infinite
960 3536 1171 3601 controversies,
1189 3533 1280 3590 ehieh
1303 3533 1387 3590 could
1406 3539 1457 3589 not

355 3613 427 3670 heve
452 3613 525 3670 been
547 3621 599 3688 put
620 3633 658 3670 en
676 3617 752 3673 clear
772 3620 896 3690 grounds
918 3621 949 3675 in
972 3637 1164 3692 consequence
1185 3622 1218 3676 ef
1237 3621 1287 3676 the
1309 3620 1457 3675 uncmtain

355 3701 446 3772 prices
461 3701 494 3754 of
505 3701 599 3772 things
613 3719 716 3775 among
729 3703 810 3759 those
826 3704 888 3760 who
901 3705 975 3761 heve
988 3723 1026 3762 no
1039 3722 1169 3762 commen
1180 3706 1277 3778 judge,
1296 3706 1354 3760 and
1368 3704 1457 3760 which

355 3785 447 3840 would
461 3786 533 3842 have
547 3789 683 3844 occurred
697 3789 722 3843 if
740 3791 764 3844 it
777 3789 835 3845 had
849 3791 922 3846 been
936 3792 1079 3848 reckoned
1092 3792 1189 3847 lawfnl
1210 3800 1240 3848 to
1261 3792 1363 3863 depart
1382 3791 1458 3846 trem

354 3877 433 3941 pects
453 3889 490 3927 on
504 3879 623 3928 account
637 3875 671 3929 of
690 3875 739 3930 the
759 3877 914 3949 inequality
934 3878 968 3933 ol
982 3879 1148 3934 conditione.
1196 3880 1235 3933 Se
1255 3877 1305 3932 the
1325 3875 1458 3948 Imperial

353 3956 434 4012 Laws
446 3960 589 4030 recognize
598 3960 710 4033 Bnying
721 3961 777 4016 and
788 3963 895 4036 Selling
906 3981 937 4018 as
952 3964 1036 4036 being
1047 3964 1096 4020 the
1109 3965 1196 4020 result
1206 3963 1239 4019 oi
1247 3963 1314 4034 long
1325 3962 1458 4033 hsgglr'ng

353 4042 410 4096 snd
424 4043 491 4098 duel
506 4052 677 4116 agreement.
723 4047 762 4102 So
777 4049 893 4116 Seneca,
910 4050 967 4105 and
981 4051 1158 4106 Andronicus
1172 4048 1308 4104 Rhodius.

354 4214 374 4270 b
406 4135 429 4269 14
452 4129 514 4186 Tho
532 4131 627 4186 writer
646 4131 679 4187 of
699 4132 749 4188 the
771 4134 822 4190 life
840 4135 875 4190 of
892 4136 1001 4193 Isidore
1022 4137 1091 4194 cells
1109 4136 1173 4202 this,
1196 4135 1324 4207 injustioe
1341 4134 1457 4190 allowed

374 4233 393 4289 y
418 4231 468 4272 su.

743 4439 992 4448 -—-——..-...—-.
1013 4443 1063 4449 -.-.
1074 4443 1092 4450 .-
