3298 5128
193 379 358 450 0sr.XX.]
633 381 685 436 DE
706 379 847 438 POENIS.
1232 371 1295 435 265

188 547 278 637 juris,
296 547 328 611 in
353 545 393 611 iis
417 543 492 611 loeis
517 551 612 630 atque
634 543 717 611 inter
734 565 787 611 eas
803 565 952 632 personas
969 567 1039 631 quoe
1058 544 1150 612 oertis
1171 544 1295 630 judiciis

193 670 256 713 non
273 646 423 712 subsunt:
449 665 486 710 oo
502 653 658 731 praeteres
673 643 705 708 in
723 644 906 730 quibusdem
923 644 1043 711 casibus
1059 645 1204 731 exeeptis.
1243 644 1295 710 Sie
1307 661 1448 702 mmet.

194 746 402 812 Hehraeorum
428 743 565 809 moribus
590 742 746 809 Hehraeus
765 765 787 809 e
810 744 879 808 Deo
903 749 935 808 et
960 743 1021 809 Dei
1045 743 1117 832 lege
1141 741 1294 822 deficiens,

196 854 251 912 sut
267 843 377 910 dueem
393 864 427 908 se
442 842 483 909 ed
500 841 594 908 felsos
607 842 706 908 uultus
723 842 875 929 proebens,
892 835 993 908 “illioo
1009 865 1030 908 e
1046 841 1155 929 quovis
1171 841 1296 907 homine
1388 907 1395 918 ,

196 947 339 1032 ⁶poterut
363 939 505 1008 interfici.
541 933 715 1006 ¹Judieium
740 941 798 1007 zeli
821 941 855 1007 id
881 947 994 1008 voesnt
1017 941 1158 1018 Hebraei,
1176 941 1297 1027 quode

196 1041 317 1109 Phineo
342 1039 460 1127 iprimo
488 1040 659 1107 exereitum
685 1039 781 1116 aiunt,
812 1049 845 1106 et
870 1039 945 1106 inde
969 1040 1082 1106 abiisse
1111 1040 1144 1106 in
1167 1062 1295 1107 morem.
1308 1049 1331 1087 N
1330 1059 1432 1088 ·······

197 1142 250 1208 Sie
272 1139 420 1206 Judaeum
446 1141 598 1227 quendem
628 1139 747 1206 Graeois
775 1159 809 1204 se
833 1139 944 1206 ritihus
969 1139 1157 1226 polluentem
1186 1139 1297 1207 oooidit

197 1239 377 1306 Msthstiss.
425 1239 477 1306 Sie
499 1237 637 1307 trecenti·
655 1237 708 1303 elii
732 1238 874 1304 Judaeiu
896 1238 1096 1326 popularibus
1120 1238 1184 1305 suis
1205 1237 1296 1304 ooeisi
1307 1250 1455 1336 hymel-¹¹·

196 1339 385 1415 referuntur,
403 1337 483 1404 libro
498 1337 552 1425 qui
569 1337 663 1425 vulgo
678 1336 792 1403 dieitur
809 1339 1056 1404 Meooehaeorum
1072 1336 1196 1404 tertius.
1228 1337 1296 1403 Nee

197 1438 258 1504 alio
276 1439 405 1503 obtentu
426 1437 569 1504 institute
587 1435 737 1524 lapidetio
753 1435 787 1500 in
805 1437 1009 1524 Stephanum,
1026 1445 1060 1504 et
1076 1435 1246 1523 eonjurotio
1262 1437 1296 1502 in
1308 1442 1434 1486 mvl-⁶⁷·

199 1535 353 1603 Paulum:
378 1535 536 1622 multoque
549 1535 612 1601 elie
627 1533 770 1623 exemplo
787 1533 972 1622 ejueoemodi
989 1543 1116 1605 exstent
1133 1543 1166 1603 et
1182 1537 1297 1624 mapud
1307 1537 1419 1578 “imfl-
1430 1539 1460 1578 ¹&

198 1634 370 1712 Philonem,
389 1643 422 1701 et
437 1635 521 1722 opud
538 1636 563 1700 J
564 1635 724 1721 osephum.

274 1735 295 1798 6
330 1734 410 1799 Tum
427 1755 503 1800 vero
519 1733 603 1822 opud
619 1732 733 1800 multos
754 1731 884 1824 populos
898 1740 931 1800 et
948 1731 1079 1800 dominis
1093 1731 1127 1798 in
1142 1754 1249 1800 servos
1264 1741 1297 1802 et

198 1831 379 1921 perentibus
401 1831 433 1898 in
457 1833 573 1898 liberos
594 1831 708 1898 mansit
725 1831 778 1919 jus
803 1831 951 1918 puniendi
973 1833 1108 1919 plenum,
1138 1833 1233 1899 etiem
1255 1833 1297 1898 ed

198 1941 331 1998 mortem
357 1951 463 2017 usque.
516 1931 568 1998 flio
600 1930 724 2017 Sparte
752 1931 889 2017 Ephoris
917 1930 1003 1996 lieuit
1029 1931 1128 1996 civem
1157 1931 1297 1998 oeoidere

199 2039 291 2097 extre
302 2029 461 2118 judioium.
492 2030 537 2097 Et
548 2052 591 2096 ex
607 2030 657 2094 his
672 2029 796 2116 quidem
813 2050 885 2116 qum
902 2029 1036 2096 diximus
1050 2029 1142 2116 quele
1158 2029 1199 2096 sit
1215 2030 1297 2098 eires

198 2150 308 2218 poenes
319 2129 372 2216 jus
387 2137 519 2207 nuturoe,
537 2137 571 2194 et
586 2149 746 2216 quousque
761 2127 911 2196 meuserit
925 2127 1056 2217 intelligi
1072 2137 1183 2216 potest

274 2229 316 2295 X.
365 2229 384 2294 1
418 2229 510 2294 Nune
541 2227 619 2294 illud
647 2227 815 2294 ridendum
845 2235 902 2306 est,
932 2247 1008 2294 num
1036 2227 1089 2293 lex
1117 2227 1298 2316 evangelieo

198 2399 369 2453 Doetissimnm
379 2405 549 2465 Interpretem‚
565 2416 637 2464 quem
652 2401 724 2449 modo
773 2399 926 2462 δραμοῦνται
944 2402 1085 2463 erumpitur,
1111 2403 1238 2461 seluemo
1258 2403 1298 2448 εὐ-

198 2480 301 2538 lundssh
316 2481 341 2526 in
360 2481 432 2526 Num.
449 2494 505 2526 xxv.
522 2481 544 2526 7.
566 2483 592 2525 et
612 2477 725 2525 celeber·
773 2477 834 2536 αγὲτ
850 2476 956 2524 τὸκατ’
972 2478 1299 2540 αὐτοΰφονᾷν·ρυηίθοιᾱω

198 2555 253 2602 rimi
262 2555 288 2602 J.
298 2555 346 2603 Fur.
355 2555 460 2602 Bonoss
474 2554 673 2601 Dissertationem
684 2552 725 2599 De
772 2552 830 2598 ta1o
843 2557 870 2598 ut
884 2553 958 2598 hortis
970 2553 1079 2613 publicus
1095 2555 1203 2612 mnium,
1217 2560 1299 2614 spreta

198 2628 260 2676 ὄντα
270 2629 405 2676 Zdotoruw
414 2632 440 2676 in
452 2629 525 2678 (lente
534 2627 645 2685 Hebron,
660 2627 724 2687 5³4.
772 2626 929 2686 qutaliermque
945 2641 997 2673 eum
1009 2641 1036 2674 eo
1049 2629 1223 2686 newsitudine,
1237 2629 1299 2687 dus-

198 2709 221 2751 et
230 2719 294 2765 seqq.
324 2704 352 2752 J.
361 2705 394 2751 B.
773 2714 817 2760 que
831 2699 953 2748 esaum
965 2703 1088 2762 oulqasrde
1103 2705 1207 2750 omnibus
1217 2705 1299 2763 pieta·

243 2787 262 2812 Β
284 2777 358 2838 Apud
376 2778 510 2839 Philonem]
536 2778 614 2838 Cujus
633 2780 659 2824 et
678 2777 724 2823 hoe
772 2780 817 2822 tem
830 2775 970 2834 ommtihtu,
985 2782 1011 2822 ut
1026 2778 1076 2824 eino
1089 2792 1158 2825 mora
1170 2783 1299 2826 acme

198 2851 224 2898 ln
237 2851 301 2898 libro
314 2852 343 2899 ds
356 2851 566 2913 Saen‘floanlt'dtu:
583 2851 725 2899 κολαστέον
772 2849 875 2909 ematque
891 2849 926 2895 ad
940 2851 1090 2909 expetendum
1110 2850 1139 2896 de
1158 2852 1210 2897 niro
1225 2852 1299 2911 impio

199 2925 232 2973 oie
241 2926 327 2986 δήμιον
336 2926 377 2973 καὶ
386 2929 468 2974 κοινὸν
478 2928 569 2990 ἐχθρὸν
582 2928 653 2985 ὄντα,
669 2926 724 2974 tlt-
772 2925 921 2985 supplicium,
925 2927 998 2985 fimo
1008 2926 1125 2972 crsdmter
1134 2932 1241 2973 emesam
1250 2941 1299 2974 me

200 3013 236 3058 γα
248 2999 437 3057 φροντίσαντας
447 2999 610 3055 οἰκειότητος,
625 2997 667 3045 καὶ
677 2997 725 3045 ede
774 3015 822 3047 rem
830 3000 944 3059 eimedi
953 3001 1053 3047 herminis
1062 3001 1217 3061 interficiundi
1225 3015 1299 3061 appe-

199 3073 358 3133 τοαραινέσοιτ
375 3076 453 3121 αὑτοῦ
473 3074 642 3136 δοαγγολτᾶον
657 3077 723 3122 πᾶσι
772 3076 847 3123 titum.
877 3075 951 3136 (Peg.
965 3078 1011 3123 856
1027 3076 1066 3136 s.)
1101 3076 1135 3123 Et
1153 3077 1215 3123 ulter
1230 3076 1299 3124 loeus

200 3152 255 3194 τοῖτ
266 3149 394 3207 εὐσεβείατ
406 3150 536 3208 deuorato,
550 3151 575 3195 οἳ
589 3148 724 3208 α’νυπερθέ-
773 3163 821 3196 non
837 3150 915 3196 minus
927 3150 1027 3211 insignis
1043 3151 1107 3198 eirea
1119 3151 1190 3198 finem
1205 3152 1236 3198 de
1248 3165 1299 3198 mo·

200 3238 238 3283 τῳ
248 3222 324 3282 τάχει
333 3228 392 3271 ταῖς
399 3223 455 3270 κατ’
464 3223 551 3283 ἀνδρὸς
558 3221 658 3270 α’νοσὶου
667 3223 724 3270 ὅτι·
773 3225 872 3272 nerehis
882 3224 949 3287 (Lib.
960 3239 977 3274 1.
993 3239 1051 3287 pag.
1061 3226 1192 3287 818,819.)

204 3473 259 3530 esll
272 3472 296 3527 it
315 3489 333 3528 s
343 3472 492 3545 judgment
509 3472 542 3528 of
553 3473 621 3539 zeul,
641 3473 675 3530 of
691 3475 781 3530 whieh
802 3474 871 3547 they
889 3492 939 3548 say
958 3476 1081 3532 Phineos
1099 3482 1143 3536 set
1164 3475 1214 3533 the
1236 3478 1298 3535 first

203 3559 340 3631 exemplo.
362 3557 404 3626 (N
406 3559 480 3616 umb.
494 3557 572 3627 xxv.)
604 3560 642 3614 So
657 3561 687 3614 in
702 3560 751 3616 the
765 3561 938 3626 Mseeebees,
949 3561 1114 3616 Mottethies
1125 3562 1191 3618 slew
1205 3580 1223 3617 s
1236 3565 1298 3619 Jew

204 3646 343 3719 polluting
353 3644 470 3700 himself
484 3645 551 3699 with
569 3645 664 3701 Greek
681 3647 767 3711 rites3
791 3646 847 3700 end
870 3662 902 3700 so
919 3647 950 3702 in
968 3651 985 3700 3
1000 3647 1124 3702 Msoeob.
1149 3653 1202 3704 300
1223 3650 1297 3704 Jewe

203 3749 277 3788 were
302 3731 390 3788 killed
410 3731 449 3803 by
471 3730 547 3786 their
567 3738 759 3804 oountrymen.
818 3731 883 3787 And
904 3730 954 3786 the
975 3733 1087 3803 stoning
1109 3731 1142 3787 of
1164 3733 1299 3805 Stephen,

202 3819 260 3873 end
280 3816 329 3873 the
352 3817 516 3890 conspiracy
536 3818 646 3888 egeirm
663 3817 744 3881 Paul,
761 3833 834 3872 were
849 3834 887 3871 on
902 3816 1041 3872 thesemo
1054 3823 1174 3889 pretext
1190 3835 1221 3874 ss
1236 3820 1299 3876 well

204 3919 236 3958 ss
246 3919 331 3975 many
342 3904 425 3959 other
438 3903 580 3974 exemplos
594 3904 623 3957 in
635 3902 719 3957 Philo
733 3903 790 3957 end
801 3903 831 3957 in
843 3902 990 3975 Josephue

258 3993 275 4042 6
294 3988 333 4042 So
344 3989 403 4044 oleo
414 4004 518 4059 among
533 4005 618 4060 msny
628 3988 753 4060 peoples,
766 3995 884 4044 masters
896 3988 1024 4044 retained
1035 3989 1085 4045 the
1096 3989 1173 4062 right
1184 3991 1218 4047 οἰ
1226 4007 1300 4064 pun·

205 4071 298 4143 ishing
309 4072 382 4128 their
399 4081 534 4140 servante
551 4074 607 4129 end
621 4080 736 4146 parents
757 4073 831 4130 their
845 4073 981 4140 children,
998 4091 1068 4132 even
1083 4081 1113 4130 to
1132 4075 1226 4132 deoth-
1263 4078 1302 4132 So

205 4163 236 4212 st
249 4158 359 4228 Sparte,
369 4157 418 4213 tho
431 4158 541 4231 Ephori
554 4161 637 4214 eould
651 4166 703 4232 put
717 4176 735 4215 s
747 4161 845 4216 eitieen
859 4167 890 4216 to
906 4160 991 4216 doeth
1005 4160 1124 4216 without
1137 4162 1212 4216 triul.
1294 4195 1296 4202 »

260 4243 347 4298 From
360 4243 435 4298 what
448 4260 490 4297 we
504 4242 575 4300 here
589 4246 657 4308 said,
670 4263 711 4301 we
728 4263 795 4317 moy
808 4263 856 4301 eee
870 4246 947 4301 whst
960 4247 984 4302 is
996 4245 1045 4302 the
1059 4246 1126 4300 st
1140 4247 1174 4300 of
1191 4247 1301 4304 Noturs

189 4370 192 4381 ,
205 4327 274 4385 with
287 4330 388 4400 regard
402 4335 432 4384 to
446 4328 634 4400 punishment,
649 4333 705 4386 end
719 4331 782 4388 how
794 4331 841 4386 for
850 4333 874 4386 it
888 4332 1049 4388 continued.

258 4415 297 4470 X.
337 4421 350 4470 1
382 4415 435 4470 We
444 4420 520 4470 must
530 4431 592 4470 now
604 4418 732 4474 consider
743 4417 869 4474 whether
880 4417 929 4473 the
941 4417 1047 4490 Gospel
1057 4414 1182 4471 sthss
1192 4415 1302 4472 limited

205 4501 261 4558 this
275 4501 379 4576 liberty
394 4517 474 4560 more
487 4502 633 4576 nsrrowly.
672 4503 824 4576 Gertolnly,
838 4519 869 4558 ee
883 4519 925 4560 we
944 4503 1016 4559 heve
1030 4500 1180 4558 elsewhere
1194 4501 1263 4567 said,
1278 4502 1302 4563 it
