3228 5136
172 377 236 432 Cer.
250 373 348 442 Xlll.]
538 379 590 432 DE
611 379 900 436 JUREJURANDO.
1228 372 1270 438 87

169 542 369 606 conscientie
395 543 485 608 testis
512 553 567 620 est,
595 545 647 608 ita
677 545 736 609 boc
761 545 888 630 accipit
912 545 1078 610 sicat-ills
1101 545 1157 610 oni
1173 546 1271 629 pirro»

170 651 223 704 tur
249 641 414 725 intelligit.
461 639 566 726 Atque
590 641 650 708 hoc
674 644 828 729 estquod
855 642 968 708 dicitur
988 636 1127 729 hliquido
1149 644 1268 731 jurare.

169 737 243 803 Ideo
271 739 418 804 Metellus
445 747 531 806 recte
558 741 713 807 recusavit
734 741 845 827 jurare
871 741 904 806 in
930 741 1031 830 legem
1054 742 1267 829 Apuleiausm,
1281 766 1437 851 prisma

168 857 346 923 quanquam
363 844 455 904 eraut
471 837 524 924 qui
540 839 679 905 dicerent
696 839 798 927 legem
818 840 859 906 ob
881 839 1055 928 rogationis
1072 841 1182 908 sitium
1200 863 1268 908 esse
1305 822 1323 852 ⁰'
1357 814 1430 862 ΡΜ

167 933 300 1013 irritam,
317 945 349 1002 et
361 933 572 1023 juramentum
595 938 628 1003 iu
648 937 751 1028 legem
767 938 813 1004 its
828 938 1075 1028 intelligendum:
1093 938 1120 1006 si
1136 941 1189 1007 lex
1205 940 1268 1007 rite

167 1042 281 1120 rogata
297 1033 422 1121 lataque
438 1045 529 1102 esset

242 1135 265 1197 3
299 1133 382 1199 Nam
402 1155 579 1220 quanquam
600 1134 633 1200 in
656 1134 816 1223 promissis
831 1135 901 1202 aliis
917 1135 1009 1202 t'aoile
1025 1137 1269 1226 subintelligitur

168 1229 264 1296 tacita
280 1231 385 1318 aliqua
409 1233 554 1310 conditio,
572 1255 643 1320 quse
659 1234 878 1321 promissorem
896 1235 1048 1312 exsolvat,
1065 1236 1098 1302 id
1114 1235 1268 1302 tamenin
1280 1253 1332 1293 ran.
1342 1254 1392 1294 aa

164 1329 343 1414 juramento
369 1331 596 1398 admittendum
623 1354 686 1397 nou
709 1341 777 1398 est:
804 1355 865 1420 quo
888 1334 1027 1420 pertinet
1049 1335 1195 1424 egregius
1216 1301 1420 1430 illegupiifpgff,

168 1427 255 1493 locus
284 1428 425 1516 Apostoli
453 1430 496 1497 ad
531 1431 708 1497 Hebraeos:
735 1434 825 1498 Dens
853 1435 961 1499 volens
993 1436 1270 1500 abundantissime
1282 1438 1416 1526 fimf„

166 1529 341 1594 heredibus
366 1532 598 1615 promissionis
625 1533 787 1597 ostendere
812 1534 1115 1600 immutabilitatem
1140 1493 1392 1604 consiliiimm'

169 1627 230 1702 sai,
254 1628 356 1710 fidem
380 1630 468 1713 feeit
491 1629 733 1712 jureyicrondo:
769 1642 809 1694 at
831 1652 895 1716 per
925 1634 1011 1697 daos
1036 1655 1088 1698 res
1116 1635 1270 1698 immuta·
1338 1641 1342 1648 “

168 1725 257 1800 biles,
278 1728 316 1790 ia
344 1728 464 1812 quibas
476 1729 555 1810 fieri
578 1749 642 1794 aon
660 1740 769 1814 potest
797 1741 834 1794 at
847 1731 959 1814 sallat
984 1732 1078 1796 Deus
1103 1730 1160 1814 (ita
1184 1738 1270 1796 recte

167 1822 251 1888 renti
285 1833 363 1910 puto
396 1825 472 1890 illud
506 1819 702 1920 ψεύδεσθαι,
734 1825 815 1892 sicut
849 1835 960 1914 aperta
992 1827 1106 1892 locutio
1140 1836 1270 1894 vocatur

168 1921 295 1997 veritas,
322 1924 404 1989 Dan.
435 1923 488 1990 vii.
522 1927 574 2003 16,
605 1923 669 1990 viii.
697 1927 751 2000 26,
781 1947 813 1989 x.
847 1927 893 2010 1),
915 1928 1058 2010 flmnam
1091 1928 1267 1990 habeamus

166 2022 332 2087 stacam.
385 2023 464 2100 Quas
480 2025 579 2089 verba
600 2031 636 2088 ut
658 2023 883 2112 intelligantur,
901 2022 1059 2088 sciendum
1083 2032 1132 2090 est
1147 2033 1270 2090 sanctos

166 2118 335 2205 scriptores
352 2120 392 2186 de
408 2122 478 2187 Deo
494 2143 577 2208 sape
592 2121 678 2208 loqui
695 2120 973 2215 ἅνθρωποπαθῶς,
990 2130 1024 2189 et
1039 2121 1139 2211 magis
1163 2142 1271 2188 secun·

167 2217 244 2282 dum
260 2218 294 2284 id
311 2218 395 2304 quod
410 2220 535 2285 ridetur
551 2219 649 2296 uobis,
668 2240 760 2307 quam
777 2220 862 2307 quod
878 2229 935 2288 est.

243 2319 266 2382 4
299 2317 383 2382 Nam
399 2319 486 2384 Deus
503 2340 579 2384 rere
600 2318 727 2386 decreta
752 2341 810 2386 sua
831 2341 895 2384 non
917 2326 1026 2386 mutat
1078 2321 1206 2387 Mutare
1222 2327 1269 2388 ta·

165 2519 219 2567 cap.
229 2507 295 2556 mi,
305 2509 328 2555 1.
342 2508 593 2556 citaturcaussxxu.
607 2513 694 2568 quast.
740 2523 837 2558 numm
854 2512 929 2559 verbo
948 2516 1075 2574 captante:
1098 2518 1155 2560 rote
1172 2511 1270 2572 ῥήμασι

164 2595 188 2652 v·-
200 2595 222 2628 c.
234 2595 393 2643 quecumque.
402 2583 425 2630 9.
740 2586 842 2632 τούτοις
851 2586 996 2646 &probitum
1009 2586 1040 2635 uls
1051 2587 1077 2635 cl
1087 2593 1157 2647 μυῖαι
1168 2589 1207 2646 τῷ
1216 2585 1267 2646 pscri-

210 2655 223 2690 l
237 2657 344 2717 Liquido
353 2656 452 2719 jurare]
467 2657 579 2706 Donatus
592 2658 623 2704 sd
632 2657 692 2704 illud
741 2658 818 2706 hmo·
833 2661 869 2707 itu
878 2661 955 2708 serbis
964 2661 1015 2708 illis
1024 2661 1141 2708 imidcbct
1150 2666 1175 2707 st
1184 2674 1269 2708 nauca

164 2731 191 2778 tn
200 2729 298 2778 Andria
307 2731 355 2790 (nv.
364 2733 388 2788 3,
397 2732 452 2792 12)=
740 2735 821 2784 vitici.
853 2736 966 2783 Graviter
978 2737 1004 2782 in
1014 2738 1077 2784 huno
1087 2737 1196 2798 regulam
1210 2750 1268 2796 pee-

190 2821 243 2869 Qut·
254 2820 272 2860 d
283 2821 334 2862 m
346 2823 437 2871 φη...]
450 2822 523 2862 hm
532 2822 692 2872 mmm
741 2809 804 2855 cavit
826 2809 881 2856 auls
903 2809 1046 2868 Arcadians,
1064 2825 1119 2870 qum
1141 2810 1221 2856 effecit
1240 2814 1269 2857 ut

235 2881 293 2929 nihl.
742 2881 1135 2942 Chalcedoneoccidereturisqui
1147 2883 1267 2929 Constan-

190 2942 238 2983 Καὶ
245 2943 571 2994 *mmmmm
740 2954 876 3015 tiuopollm,
886 2957 963 3002 salute
973 2957 1019 3016 ipsi
1028 2970 1072 3016 per
1078 2957 1266 3015 jurisjurandum

167 3027 284 3091 Liquidm
302 3044 380 3091 pm
400 3035 423 3078 st
445 3032 577 3091 mmsis.
610 3031 691 3092 χρεῶν
740 3029 866 3090 promissa,
886 3035 993 3076 venerat.
1028 3029 1146 3085 Zosimus,
1171 3028 1225 3075 Lib.
1241 3041 1266 3076 v.

166 3104 201 3164 pul
216 3103 373 3152 &arctatum
389 3103 463 3165 hrs‘pu
481 3104 576 3165 φράσει
593 3104 630 3152 ru*
648 3103 692 3165 ῥή-
741 3103 1105 3164 Atldsquaeinstacap.xvi.2.
1135 3102 1204 3163 [Duo
1216 3103 1270 3149 lota

165 3197 244 3240 ματα,
260 3179 321 3227 ἀλλ’
339 3179 371 3227 a'c
386 3180 428 3226 tert
443 3181 537 3240 λέξεων
552 3180 631 3239 εἶχον,
649 3180 691 3227 ob·
741 3177 849 3224 Naum
860 3190 935 3223 unum
945 3177 1057 3238 idemque
1067 3181 1133 3233 sunt,
1142 3175 1199 3223 etin
1211 3189 1267 3236 pos-

167 3255 231 3301 ·rml
244 3254 285 3300 rol
297 3253 395 3310 δηλοῦν,
408 3253 443 3300 ait
454 3253 479 3298 in
492 3253 580 3300 Alexio
589 3253 691 3300 Nicetes
740 3251 829 3296 teriora
852 3250 925 3296 etiam
946 3251 976 3296 de
992 3250 1132 3297 Andronico
1144 3250 1268 3297 Comneno

166 3327 275 3373 fraudem
294 3327 427 3374 Andronici
444 3327 562 3373 comneni
582 3328 691 3387 culpans.
740 3319 892 3385 agitur,'non
911 3325 941 3370 de
958 3325 1044 3372 Alexis
1065 3324 1119 3372 Lib.
1136 3339 1157 3372 1.
1177 3337 1229 3384 cap.
1244 3327 1266 3371 8.

169 3399 279 3460 Οροτιιᾱ
300 3415 346 3447 m
367 3401 467 3462 φιωίια
487 3401 602 3446 locutione
620 3401 694 3448 sorta
740 3398 765 3442 in
783 3398 854 3446 Alex.
885 3397 964 3444 Locus
988 3404 1069 3446 auum
1091 3399 1180 3446 Zosimi
1207 3397 1268 3458 (nou

167 3474 310 3531 udatlterarc,
326 3475 368 3521 esd
382 3480 409 3520 ut
423 3479 535 3534 conceptu
550 3488 580 3521 ea
589 3474 693 3534 Μαί
741 3474 874 3531 coronent,
888 3478 917 3520 ut
930 3475 1064 3521 habuerant
1074 3475 1190 3521 haetenus
1204 3474 1268 3520 Edd.

167 3548 252 3609 docnt
282 3548 443 3606 Quaerunt,
458 3547 592 3594 scaleno
608 3553 693 3594 contra
740 3549 877 3610 postillam
895 3549 963 3598 1642.
981 3551 1023 3597 ubi
1042 3551 1199 3608 Zoaomsnus‚
1215 3563 1269 3596 cor-

166 3792 287 3862 gustine,
301 3791 335 3847 ot
345 3808 413 3847 men
422 3793 544 3865 keeping
558 3793 607 3848 the
618 3792 709 3848 words
727 3792 783 3847 and
796 3792 911 3864 balhing
930 3792 979 3849 the
995 3794 1184 3867 cxpectation.
1232 3793 1271 3850 So

166 3876 282 3932 Isidore.
329 3877 372 3931 'lo
392 3893 480 3932 swear
500 3877 618 3934 without
632 3893 744 3932 reservo
764 3879 788 3932 is
806 3879 907 3948 liquido
921 3881 1030 3950 iurare.
1076 3880 1114 3935 So
1128 3879 1269 3944 Metellus,

167 3961 382 4034 rightly,srould
399 3970 450 4018 not
463 3980 551 4018 swear
567 3969 598 4020 to
614 3963 664 4019 the
678 3963 818 4036 Apuleium
832 3963 893 4029 law,
911 3963 1020 4034 though
1037 3965 1060 4018 it
1078 3982 1133 4020 was
1150 3964 1223 4029 void,
1238 3980 1269 4019 as

166 4041 253 4117 being
262 4046 423 4119 informally
437 4049 546 4120 passed.

223 4137 239 4187 3
260 4132 319 4187 ll'or
332 4132 440 4204 though
454 4134 485 4188 in
498 4134 634 4206 promises
645 4148 723 4187 some
735 4133 804 4188 tacit
816 4133 959 4189 condition
972 4150 1037 4206 may
1048 4134 1084 4189 bc
1099 4132 1269 4190 understood

168 4215 259 4271 which
273 4217 400 4272 absolves
415 4217 464 4273 the
478 4219 625 4291 promiser,
639 4217 702 4272 that
716 4219 739 4272 is
757 4223 809 4272 not
823 4233 854 4273 so
866 4219 895 4272 in
911 4235 948 4272 au
964 4218 1048 4274 Oath.
1087 4220 1125 4274 So
1142 4221 1175 4274 St
1189 4218 1271 4280 Paul,

167 4301 241 4356 Heb.
255 4302 290 4356 vi
308 4308 351 4366 18,
362 4302 438 4358 Tbst
448 4303 486 4375 by
501 4313 552 4358 troo
566 4301 730 4357 immutabis
743 4301 845 4373 things,
859 4304 888 4358 in
903 4303 993 4358 which
1005 4305 1028 4359 it
1043 4320 1097 4358 was
1110 4301 1271 4373 impossible

167 4386 214 4441 for
229 4386 293 4442 God
308 4394 338 4442 to
353 4389 467 4442 deceiom
486 4388 622 4461 speaking
633 4387 708 4443 aiter
719 4387 769 4442 the
780 4404 898 4443 manner
915 4389 949 4443 of
959 4405 1033 4444 men.

222 4479 240 4524 4
261 4473 319 4526 For
338 4471 403 4527 (lod
423 4473 490 4528 does
512 4479 563 4528 not
582 4473 671 4545 really
690 4473 797 4544 change
818 4472 862 4529 his
887 4473 1008 4529 decress.
1055 4471 1101 4526 He
1116 4469 1139 4524 is
1160 4467 1221 4524 said
1241 4472 1272 4523 to
