3228 5136
361 349 404 411 80
721 357 774 414 DE
797 355 1099 414 commaneamus.
1341 355 1417 426 [Lm
1426 359 1465 415 11.

361 519 528 606 impendia,
546 521 688 589 ferantur
712 543 733 588 a
754 521 885 588 dominic
908 523 1033 588 narium
1053 529 1087 588 et
1109 519 1257 586 mercium
1273 523 1357 608 1¹pro
1374 531 1466 608 parte

362 641 456 704 quam
484 620 602 688 habent
628 620 661 686 in
685 643 724 687 ea
748 642 878 686 summa.
930 623 974 687 Et
998 621 1065 686 haec
1090 620 1226 707 quidem,
1242 640 1314 706 qua
1331 621 1466 688 diximus

360 719 520 795 hactenus,
538 719 597 806 ipsi
609 719 675 807 juri
691 727 814 786 naturae
830 727 903 785 sunt
919 727 1133 785 consentanea.

438 819 559 886 XXVI.
613 823 631 883 1
666 819 734 884 Nec
750 819 783 883 in
799 817 848 882 his
862 819 935 905 jure
952 817 1092 906 gentium
1110 816 1284 884 voluntario
1301 817 1465 904 quicquam

361 925 515 983 mutatum
540 925 693 1004 apparet:
723 940 785 982 uno
808 924 948 1004 excepto,
975 917 1058 1002 quod
1080 916 1276 1002 inaequalitas
1300 938 1408 982 rerum
1432 919 1465 982 in

363 1037 457 1100 quam
488 1038 669 1082 consensum
695 1025 755 1094 eet,
785 1015 859 1081 ⁵ubi
885 1036 942 1080 neo
969 1015 1163 1081 mendacium
1192 1014 1377 1092 intercessit,
1406 1035 1464 1082 nec

364 1114 431 1202 ejus
448 1115 533 1201 quod
551 1115 668 1180 dictum
685 1113 824 1202 oportuit
847 1113 1020 1190 reticentia,
1047 1114 1080 1179 in
1104 1113 1276 1180 actionibus
1301 1113 1465 1180 exteriori-

361 1214 420 1279 bus
441 1234 500 1300 pro
525 1213 703 1298 equalitate
726 1213 881 1278 habetur:
902 1212 948 1278 ita
964 1221 1000 1278 ut
1017 1213 1170 1298 quomodo
1183 1210 1257 1299 jure
1278 1211 1360 1278 cirili
1388 1223 1464 1279 ante

362 1311 610 1376 constitutionem
636 1309 824 1376 Diocletiani
848 1309 930 1376 actio
955 1310 988 1375 in
1010 1310 1177 1376 foronulla
1199 1311 1334 1377 dabatur
1350 1312 1464 1377 adrer-

361 1430 413 1474 cus
443 1409 538 1474 talem
565 1408 816 1495 inaequalitatem,
842 1408 888 1474 ita
912 1431 970 1474 nec
995 1409 1078 1476 inter
1095 1430 1149 1475 eoa
1165 1409 1305 1497 quijure
1320 1410 1463 1498 gentium

361 1507 426 1571 solo
449 1505 606 1572 nodantur
631 1506 753 1572 exactio
779 1515 836 1572 aut
859 1508 976 1572 coactio
998 1507 1039 1574 eit
1058 1508 1244 1573 eonomine.
1291 1508 1363 1574 Hoc
1381 1509 1464 1574 enim

211 1627 348 1714 ‘wa
362 1613 411 1670 eet
435 1605 520 1690 quod
546 1605 591 1672 ait
618 1604 816 1691 Pomponius,
848 1605 882 1670 in
910 1606 1012 1692 pretio
1040 1606 1225 1674 venditionis
1255 1617 1288 1673 et
1319 1606 1464 1674 emtionis

272 1701 344 1768 ⁵151>-
361 1703 546 1769 naturaliter
561 1703 657 1770 licere
677 1725 711 1769 ee
731 1712 838 1769 mutuo
860 1703 1104 1771 circumvenire:
1129 1705 1183 1771 ubi
1207 1704 1302 1772 licere
1327 1714 1377 1771 eet
1400 1727 1463 1772 non

360 1803 485 1888 quidem
504 1802 553 1872 fae
575 1824 652 1879 ease,
679 1802 735 1867 aed
759 1802 805 1868 ita
825 1802 965 1889 permitti
985 1814 1023 1868 ut
1042 1803 1161 1868 nullum
1178 1813 1288 1870 contra
1303 1804 1462 1891 proditum

360 1901 402 1966 sit
416 1900 588 1966 remedium
604 1901 637 1966 in
654 1923 723 1967 eum
741 1901 795 1987 qui
810 1923 844 1966 se
862 1910 954 1988 pacto
970 1901 1047 1967 velit
1066 1902 1243 1968 defendere.

437 2001 458 2066 2
488 2001 700 2067 ⁰Naturaliter
716 2009 821 2066 autem
839 2021 875 2065 ec
893 2000 925 2064 in
940 2000 1020 2076 loco,
1037 2009 1073 2068 ut
1090 2009 1123 2067 et
1136 2001 1211 2067 alibi
1226 2001 1393 2078 interdum,
1407 2025 1463 2090 po-

359 2097 453 2164 situm
472 2106 521 2164 eat
537 2120 595 2185 pro
609 2121 647 2164 eo
664 2099 748 2184 quod
762 2098 880 2185 recepti
897 2098 1010 2186 passim
1021 2099 1116 2165 morie
1132 2108 1193 2165 est:
1210 2101 1364 2186 quomodo
1376 2103 1462 2189 apud

195 2209 338 2250 lar-¹¹³4
359 2196 541 2283 Apostolum
573 2197 706 2262 Paulum
735 2195 803 2282 ipsa
834 2205 947 2263 natura
980 2198 1093 2263 docere
1125 2198 1239 2265 dicitur
1272 2199 1340 2266 viro
1366 2209 1460 2287 turpe

358 2314 426 2358 osae
447 2315 566 2359 comam
591 2294 686 2370 alere,
709 2316 779 2359 cum
796 2303 901 2360 tamen
923 2295 956 2361 id
977 2317 1079 2382 neque
1100 2306 1256 2386 repugnet
1277 2306 1409 2376 naturae,
1428 2309 1461 2366 et

359 2390 473 2457 multoe
488 2392 572 2478 apud
588 2392 718 2479 populos
734 2393 882 2457 usitatum
899 2393 947 2459 eit
991 2394 1043 2459 Sic
1068 2394 1219 2461 idolorum
1237 2393 1380 2473 cultores,
1398 2420 1461 2463 non

357 2499 462 2556 autem
485 2490 610 2575 quosvis
625 2491 765 2556 heminae
791 2488 892 2582 φύσει
909 2495 1076 2570 ματαίους,
1094 2494 1128 2560 id
1143 2504 1202 2574 eet,
1219 2508 1345 2561 actara
1359 2519 1461 2562 vacce

257 2627 264 2640 ·
356 2588 493 2676 appellat
524 2589 659 2676 scriptor
688 2589 761 2654 libri
796 2589 976 2676 Sapientiae,
1007 2600 1040 2657 et
1078 2589 1180 2662 τέκνα
1215 2589 1316 2690 φύσει
1353 2591 1458 2690 ὀργῆς

401 2747 882 2808 nPropertepacrmbrabentiaeacrua-
932 2763 986 2808 cap.
997 2748 1082 2810 3.§9.
1113 2749 1184 2798 J.B.

355 2819 406 2880 ma]
428 2820 491 2868 Vide
505 2822 582 2868 simile
599 2823 624 2868 in
638 2823 655 2868 1.
673 2823 883 2883 wisigotthorum,
976 2832 987 2856 ⁰
1002 2823 1159 2870 Naturaliter
1170 2827 1248 2870 autem
1263 2837 1290 2870 eo
1305 2825 1331 2870 in
1340 2825 1403 2886 loco]
1420 2825 1459 2873 Sic

356 2893 430 2941 Libro
441 2909 467 2944 v.
479 2896 517 2943 tit.
527 2911 550 2942 v.
561 2910 582 2944 c.
593 2899 615 2944 ὅ.
933 2897 1035 2955 Gellius,
1048 2896 1102 2944 Lib.
1115 2899 1237 2945 ux.c.10.
1253 2898 1357 2945 chrta
1370 2899 1459 2957 Conic-

402 2969 413 3000 ⁵
429 2969 520 3017 Confer
536 2971 589 3017 heic
605 2971 815 3018 Pnrrwnonrruw
827 2985 884 3018 nor·
931 2971 1000 3032 pazt:
1016 2985 1065 3018 rem
1074 2975 1167 3017 actare
1177 2973 1227 3032 iope
1236 2973 1397 3032 oper-tardata.

357 3049 430 3106 trum,
446 3049 486 3094 De
501 3047 564 3094 Jarc
578 3046 639 3096 Nat.
656 3053 680 3095 et
697 3047 766 3096 θεοί.
786 3048 841 3094 Lib.
856 3059 882 3094 v.
975 3043 986 3074 ⁸
1002 3045 1061 3092 Post
1077 3046 1178 3106 primam
1190 3047 1259 3093 iatius
1271 3047 1359 3107 operia
1373 3061 1460 3096 moen.

355 3297 416 3351 tion
430 3295 479 3351 the
491 3295 577 3351 ioaaee
588 3293 680 3348 which
691 3293 757 3350 taire
771 3293 860 3365 place,
874 3310 978 3365 among
990 3293 1080 3350 which
1094 3293 1205 3350 arethe
1219 3311 1353 3365 expensae
1365 3295 1398 3350 of
1408 3294 1458 3350 the

355 3379 494 3434 wounded
509 3396 583 3443 men,
600 3394 705 3450 among
719 3378 768 3433 the
786 3395 894 3435 ownere
909 3379 943 3433 of
953 3379 1003 3434 the
1017 3380 1094 3451 ehipe
1108 3381 1165 3435 and
1179 3397 1293 3451 oargoea
1307 3381 1458 3451 according

355 3469 387 3520 to
399 3463 474 3519 their
484 3463 649 3534 proportion
661 3464 694 3518 of
705 3462 767 3518 that
781 3480 853 3520 eum.
889 3464 954 3518 And
969 3465 1044 3520 what
1064 3481 1106 3520 we
1119 3464 1190 3522 hare
1204 3464 1329 3520 hitherto
1343 3466 1404 3521 said
1419 3481 1457 3520 on

355 3549 413 3604 thie
427 3549 535 3618 subject
549 3550 573 3603 ia
587 3548 734 3620 agreeable
748 3555 779 3605 to
793 3549 914 3604 Natural
929 3551 1004 3605 Law.

413 3633 523 3688 XXVI.
554 3640 569 3688 1
591 3635 653 3688 Nor
667 3635 698 3689 in
711 3634 791 3690 thece
803 3640 920 3690 mettere
931 3636 955 3690 ia
969 3634 1106 3707 anything
1119 3635 1246 3706 changed
1260 3635 1299 3708 by
1312 3635 1362 3691 the
1376 3635 1456 3690 inati-

355 3719 436 3774 tuted
448 3720 515 3773 Law
527 3719 560 3774 of
567 3721 687 3774 Nations
694 3739 703 3785 3
725 3721 872 3792 excepting
884 3720 939 3776 thiu
952 3722 1026 3792 only,
1040 3720 1103 3776 that
1114 3721 1141 3776 if
1151 3737 1188 3775 an
1199 3721 1354 3792 inequality
1366 3721 1399 3775 of
1407 3720 1457 3776 the

355 3805 560 3860 contributione
572 3805 608 3860 be
622 3806 725 3876 agreed
739 3823 824 3876 upon,
838 3807 903 3870 thia,
915 3805 1008 3861 where
1019 3805 1100 3861 there
1114 3807 1138 3861 is
1153 3806 1265 3861 neither
1277 3806 1349 3862 falso
1363 3805 1457 3861 decla-

355 3891 448 3944 ration
462 3906 515 3944 nor
528 3891 669 3946 reticenoe
689 3890 723 3945 of
736 3891 811 3946 what
831 3890 920 3962 ought
933 3898 964 3946 to
981 3891 1052 3945 hare
1066 3891 1140 3946 been
1153 3892 1221 3956 said,
1242 3892 1267 3946 ia
1283 3893 1314 3945 in
1333 3892 1457 3948 enter-ior

354 3975 462 4029 actione
475 3973 542 4028 hold
554 3976 600 4030 for
613 3975 745 4046 equality.
789 3975 854 4030 And
867 3975 941 4042 thur,
955 3993 986 4031 as
1000 3975 1099 4048 bytho
1111 3977 1183 4032 civil
1197 3979 1263 4032 Law
1277 3976 1376 4032 before
1386 3977 1457 4031 Dio-

354 4059 459 4114 cletian
475 4058 557 4114 there
571 4077 626 4114 wau
640 4077 678 4114 no
692 4061 787 4115 action
801 4061 900 4117 before
913 4076 931 4115 a
944 4067 1026 4118 court
1037 4061 1072 4116 of
1081 4062 1134 4116 law
1148 4062 1195 4117 for
1208 4061 1277 4118 euch
1291 4063 1455 4134 inequality,

354 4160 387 4199 ιο
401 4161 464 4199 now
477 4161 581 4215 among
595 4145 676 4200 those
690 4145 753 4200 who
767 4163 816 4200 are
830 4148 985 4202 connected
999 4147 1066 4218 only
1083 4147 1122 4219 by
1136 4147 1186 4203 the
1198 4149 1266 4202 law
1280 4147 1315 4201 of
1325 4148 1456 4212 Nationa,

354 4229 436 4285 there
449 4231 473 4285 ia
490 4246 529 4284 no
547 4229 669 4284 demand
690 4247 724 4284 or
747 4232 921 4304 compulsion
943 4233 1061 4288 allowed
1076 4249 1114 4287 on
1132 4233 1195 4287 that
1212 4239 1341 4288 account.
1387 4232 1455 4286 This

353 4333 451 4387 agrees
471 4314 539 4369 with
558 4315 632 4370 what
646 4317 818 4387 Pomponius
838 4333 909 4390 aaya,
930 4317 994 4372 that
1011 4319 1041 4372 in
1060 4317 1110 4372 the
1127 4318 1205 4388 price
1225 4317 1258 4372 of
1278 4317 1378 4388 calling
1398 4316 1456 4374 and

353 4402 467 4474 buying,
488 4403 512 4456 it
532 4401 556 4456 ie
570 4401 711 4472 naturally
731 4401 849 4457 allowed
869 4409 981 4458 tomen
999 4409 1030 4457 to
1052 4403 1226 4460 circumvent
1247 4419 1302 4458 one
1319 4402 1454 4458 another:

292 4473 299 4488 ⁸
353 4487 447 4552 where
461 4488 574 4543 allowed
586 4503 691 4554 meana,
710 4493 761 4542 not
775 4487 838 4543 that
852 4489 875 4544 it
888 4489 912 4543 ie
923 4486 1007 4559 right,
1025 4488 1078 4544 but
1096 4487 1159 4544 that
1174 4488 1255 4546 there
1269 4489 1294 4546 ia
1308 4486 1378 4543 such
1388 4503 1458 4559 perr
