3298 5128
196 361 266 417 cn.
281 354 362 429 xre]
638 357 691 412 nn
713 355 850 414 rmum.
1236 355 1298 416 245

194 528 292 592 aliud
307 521 541 611 quidfuratuo
556 534 612 601 est,
632 546 698 610 pro
715 546 750 590 eo
766 527 826 589 dat
840 545 965 610 perros.
1017 525 1105 591 Idem
1122 526 1294 612 posterius:
1310 555 1428 605 nectet

197 620 474 713 συναλλάγματα
491 622 520 690 oi
538 621 674 691 παλαιοὶ
691 617 833 691 ἐκάλουν
850 619 887 690 οὗ
900 617 998 702 μόνον
1020 617 1042 690 d
1058 619 1190 695 ἑκόντες
1207 655 1297 693 συνε-

196 725 333 793 τίθεντο
356 719 439 815 πρόε
455 717 624 802 ἀλλήλους
644 721 760 798 ποιεῖν,
786 717 945 789 ἀλλὰκαὶ
962 718 1008 788 τὰ
1026 719 1090 790 ὑπὸ
1112 727 1179 790 τῶν
1198 721 1296 804 νόμων

198 815 443 915 διηγορευμένον·
464 833 649 887 contractet
665 843 689 884 a
700 821 859 886 veteribus
875 821 1128 906 appellabantur
1143 845 1208 888 reon
1225 836 1296 888 tan-

198 935 267 988 tum
277 945 353 1008 >quoe
368 921 491 988 mutuis
506 919 764 986 conventionibus
781 931 938 996 corutum,
961 922 1018 986 eod
1034 933 1064 986 et
1086 943 1157 1006 poco
1175 923 1296 1007 lepidus

197 1033 272 1087 eunt
288 1023 400 1088 vetita.

267 1119 328 1184 III.
373 1121 392 1183 1
423 1116 486 1183 Sed
503 1115 595 1203 hujus
604 1115 685 1203 juris
701 1116 881 1203 subjeetum,
898 1116 1006 1195 idest,
1024 1117 1073 1184 eui
1083 1117 1137 1205 jus
1153 1118 1296 1195 debetur,

197 1239 255 1306 per·
270 1225 414 1283 naturam
430 1215 530 1302 ipsum
546 1213 784 1281 determinatum
798 1237 861 1281 non
884 1223 940 1282 est.
992 1217 1099 1284 Dietet
1116 1216 1197 1282 enim
1213 1217 1295 1283 ratio

197 1314 378 1382 maleficium
401 1334 491 1400 posse
510 1312 622 1399 puniri,
647 1334 709 1377 non
730 1322 836 1380 eutem
857 1313 925 1399 quis
947 1315 1059 1401 punire
1082 1317 1214 1383 debeat:
1237 1315 1296 1382 nisi

195 1413 280 1501 qnod
297 1412 372 1478 setis
385 1411 502 1477 indioet
517 1417 631 1476 nutura
652 1411 970 1478 convenientissimum
994 1435 1060 1478 esse
1077 1423 1113 1480 ut
1128 1412 1161 1479 id
1177 1412 1233 1479 fiet
1254 1415 1294 1480 sb

196 1533 235 1578 eo
251 1512 306 1599 qui
321 1510 460 1598 superior
472 1517 539 1576 est:
557 1530 620 1574 non
633 1517 738 1575 temen
755 1519 788 1578 et
804 1510 927 1575 omnino
943 1511 1003 1577 hoo
1020 1512 1211 1579 demonstret
1228 1533 1295 1578 esse

128 1693 133 1701 ,
195 1609 412 1684 οεοεεεετίοοι,
437 1608 496 1674 nisi
513 1629 575 1674 rox
596 1608 764 1695 superioris
787 1631 824 1674 eo
847 1617 987 1675 sumatur
1006 1631 1108 1688 sensu,
1130 1619 1166 1677 ut
1189 1612 1216 1676 is
1240 1611 1294 1696 qui

195 1708 279 1775 mele
299 1707 366 1797 egit
385 1729 422 1774 eo
438 1707 504 1795 ipso
529 1727 564 1777 eo
585 1706 695 1793 quouis
710 1707 772 1772 olio
793 1707 972 1773 inferiorem
993 1717 1155 1775 oenseetur
1175 1710 1292 1786 secisse,

194 1815 230 1874 ot
251 1807 339 1893 qussi
361 1828 401 1873 ex
423 1805 580 1871 hominum
603 1826 696 1870 oensu
719 1805 889 1886 detrusisse
907 1799 954 1871 ‘in
974 1829 1099 1872 oensum
1124 1807 1294 1873 bestiarum

193 1927 266 1993 quse
281 1904 396 1971 homini
413 1903 583 1992 snbjseent,
609 1903 692 1990 quod
709 1925 729 1969 a
746 1904 899 1993 theologis
919 1905 1102 1990 quibusdem
1125 1915 1172 1972 est
1189 1905 1434 2018 P²⁰di‘{,',¹21¹i'}t.²·

195 2014 271 2072 ium.
318 2003 536 2091 Democritus:
562 2003 664 2097 φύσει
689 1999 733 2071 ud
760 1997 877 2097 ἄρχειν
901 1999 1020 2086 oiuri'iou
1045 2008 1095 2092 τῷ
1120 2007 1292 2098 κρείσσονι,
1305 2015 1436 2108 &dicim

1306 2107 1368 2152 Apud
1377 2105 1433 2146 Stoi).

194 2163 256 2210 erue
264 2163 422 2212 nutem.
436 2151 561 2210 nocere
570 2161 642 2209 mam
651 2161 719 2208 nen
769 2161 883 2208 numer
902 2161 986 2219 none,
997 2162 1046 2221 qur,
1061 2162 1119 2208 eum
1134 2163 1233 2222 expono
1246 2176 1294 2208 ma
1306 2153 1370 2191 ⁸⁶²⁷*-
1380 2153 1410 2196 ⁴⁷·

194 2237 333 2298 diripotue't,
344 2238 407 2300 qnod
417 2238 504 2285 dietum
512 2243 560 2283 est:
576 2237 599 2282 si
606 2251 652 2282 non
665 2235 719 2282 red·
766 2237 891 2293 ulmeae,
905 2236 1032 2282 manifesto
1043 2236 1155 2294 ostendit,
1168 2251 1194 2284 se
1206 2237 1294 2297 legisse

191 2313 230 2359 dit
230 2310 502 2373 soetendoqwddehet
513 2309 593 2356 reddet
603 2308 719 2368 patiendo
766 2325 815 2358 ευο
833 2316 922 2358 merite:
949 2325 1093 2373 quemqnsm
1112 2313 1164 2373 ipse
1188 2319 1294 2359 errntnm

192 2386 256 2447 quod
269 2387 341 2433 dedet
358 2385 432 2447 (cap
444 2385 481 2433 15.
497 2383 560 2444 544.
575 2383 625 2430 Ed.
642 2383 718 2429 nee-
767 2400 814 2432 non
825 2386 1027 2443 enimndrerterit,
1036 2388 1107 2433 etium
1116 2401 1189 2446 quum
1199 2387 1224 2432 in
1235 2387 1293 2433 Edi·

193 2461 288 2522 dietin.)
766 2461 832 2509 tione
841 2475 897 2508 nnn.
908 2461 980 2509 16³2:
996 2462 1096 2509 adderet
1106 2477 1175 2509 voees
1190 2476 1292 2522 sequen-

236 2545 248 2572 e
262 2537 316 2598 Ipse
326 2543 348 2584 te
356 2538 411 2585 huie
416 2533 635 2598 poennrubdidr'sti]
647 2533 718 2581 Philo
766 2534 861 2592 tesiam
872 2541 929 2593 tuns,
940 2550 994 2595 quoe
1004 2537 1027 2582 in
1039 2537 1117 2597 prime
1126 2538 1239 2584 Editione
1250 2538 1293 2584 de-

191 2612 240 2660 fine
257 2613 311 2659 libri
329 2613 400 2673 primi
416 2612 445 2659 de
464 2611 521 2658 tnta
534 2611 630 2666 Morier
646 2609 718 2657 atrei
766 2615 830 2657 sunt.
861 2609 888 2657 J.
899 2611 930 2656 Β.

192 2686 295 2748 γάρτοι
305 2687 455 2734 nattam
463 2684 624 2746 ἁμαρτάνειν,
640 2685 718 2730 στεύ-
810 2683 821 2714 ³
830 2685 904 2745 Apud
914 2685 1035 2732 Teoirnu
1046 2687 1175 2747 legendum
1185 2688 1291 2747 omnino,

192 2762 248 2808 dm
269 2763 310 2808 «at
324 2763 388 2821 πρὸς
402 2762 535 2821 τιμωρίαν·
549 2774 648 2820 peecare
663 2759 718 2806 dum
766 2763 795 2806 nt
814 2759 889 2806 edidit
904 2761 1053 2814 Rroonrns:
1078 2761 1251 2823 statuiturque,
1266 2768 1293 2810 ut

185 2836 318 2896 fininmie,
327 2835 362 2882 od
371 2849 453 2896 pm
459 2834 577 2896 feruidus
583 2833 716 2894 festinatio.
766 2833 851 2894 ipwo
865 2833 957 2879 domino
967 2834 1002 2880 nd
1011 2833 1039 2880 id
1044 2837 1168 2895 prolapsa,
1179 2837 1205 2882 in
1217 2837 1292 2884 εετυί-

193 2911 268 2971 (Png.
280 2909 375 2968 6521).)
765 2913 830 2956 tute.-
846 2907 883 2953 ein
893 2909 1048 2965 commutet,
1060 2923 1108 2967 pro
1123 2909 1208 2956 liberto
1220 2910 1292 2956 hahe-

237 2983 249 3012 ¹
265 2983 293 3029 ln
310 2983 419 3029 omnibns
434 2983 584 3030 Editlonibue
599 2985 650 3030 eret
664 2982 717 3029 heio
765 2989 838 3030 retur.
860 2982 923 3030 Vide
932 2983 966 3028 ibi
976 2983 1001 3030 J.
1011 2984 1291 3032 Fu.Gnonor.Notem.

192 3073 235 3107 ruo
250 3059 347 3106 merito:
364 3059 406 3105 sed
422 3064 506 3105 oontm
520 3058 647 3105 lectionem
665 3072 718 3104 om·
766 3057 881 3106 Stoloons
891 3056 1023 3103 nilsdrem
1033 3057 1098 3104 ineit.
1128 3056 1155 3104 J.
1168 3059 1201 3104 Β.

192 3136 258 3183 ntum
269 3134 375 3194 eorporis
384 3131 452 3180 Jnrie
463 3133 588 3190 Codicum,
597 3144 657 3191 quos
664 3132 717 3191 qni-
810 3130 819 3166 ¹
831 3131 862 3178 In
872 3145 963 3177 comum
971 3129 1110 3189 datiarum]
1127 3130 1167 3178 sio
1177 3135 1202 3178 et
1212 3131 1293 3178 Moses

190 3211 247 3270 dem
259 3209 367 3266 viderim,
382 3211 407 3255 et
422 3211 510 3268 praeter
523 3210 629 3252 mentem
644 3205 717 3252 etim
766 3203 924 3251 Moimonides
933 3201 964 3250 sd
973 3203 1046 3251 Dent.
1056 3203 1138 3252 miii.

193 3429 226 3480 to
236 3421 289 3478 her
300 3439 361 3478 own
372 3423 488 3494 elorery,
495 3423 614 3479 beoouse
625 3422 688 3480 thet
700 3439 755 3479 uros
764 3423 812 3480 the
819 3422 1000 3497 punishment
1010 3423 1057 3479 ior
1067 3421 1136 3478 sueh
1144 3423 1289 3495 persons*.

248 3515 267 3562 4
287 3507 409 3564 Micheel
422 3508 560 3580 Ephesius
575 3526 612 3564 on
626 3509 761 3590 Aristode
771 3511 922 3565 illustretee
937 3509 1001 3564 this,

246 3593 300 3652 111.
344 3599 359 3647 1
384 3593 425 3648 of
441 3594 511 3650 such
529 3594 718 3667 punishment,
738 3595 787 3651 the
808 3594 925 3666 subject,
944 3593 1007 3650 thot
1028 3595 1061 3658 is,
1078 3593 1127 3649 the
1144 3608 1246 3664 person
1265 3602 1291 3648 to

194 3681 280 3734 whom
297 3681 358 3735 itis
373 3678 437 3746 dne,
454 3681 479 3734 is
496 3685 547 3734 not
564 3680 740 3736 determined
753 3680 791 3752 by
805 3686 906 3735 nature
920 3679 1004 3734 itself.
1049 3679 1159 3733 Nature
1172 3680 1291 3734 dietetes

194 3763 257 3820 thot
280 3765 420 3836 evildoing
445 3780 510 3837 moy
531 3765 568 3821 be
590 3765 738 3837 pnnished,
760 3766 813 3822 but
838 3771 889 3820 not
911 3764 974 3819 who
1003 3763 1091 3834 ought
1117 3769 1148 3819 to
1169 3764 1288 3836 punish:

195 3857 295 3922 except
316 3849 380 3906 thet
398 3856 499 3906 nature
516 3851 682 3922 sufficientiy
698 3851 833 3907 indicates
849 3850 911 3906 thet
925 3851 948 3905 it
962 3851 985 3904 is
999 3856 1073 3904 most
1087 3850 1208 3905 suitoble
1227 3849 1295 3906 thet,

195 3935 219 3990 it
232 3935 269 3989 be
288 3936 361 3990 done
374 3935 413 4007 by
427 3951 482 3990 one
496 3935 558 3991 who
578 3937 602 3994 is
622 3937 764 4008 superior:
784 3943 832 4008 yet
846 3943 897 3992 not
912 3937 943 3989 in
958 3935 1027 3990 sneh
1041 3952 1102 4006 wey
1119 3951 1150 3989 es
1169 3941 1200 3990 to
1214 3934 1290 3990 show

195 4019 259 4074 thot
270 4019 325 4075 this
337 4020 360 4074 is
371 4037 533 4094 necessum
551 4027 650 4095 exeept
661 4021 710 4076 the
722 4022 797 4078 word
808 4023 931 4093 superior
944 4022 981 4076 be
992 4021 1077 4076 taken
1089 4021 1119 4074 in
1131 4019 1186 4075 this
1201 4037 1290 4088 senso,

194 4105 258 4160 thet
280 4104 317 4159 he
335 4104 398 4160 who
411 4104 462 4161 hes
483 4107 556 4162 done
576 4124 672 4178 wrong
694 4107 754 4172 hes,
775 4107 813 4178 by
827 4107 890 4163 thot
906 4125 974 4180 very
990 4108 1056 4171 feet,
1074 4106 1157 4162 mede
1176 4105 1293 4161 himself

193 4190 311 4245 inferior
324 4196 355 4246 to
369 4207 424 4263 eny
436 4192 526 4258 other,
541 4193 596 4247 end
614 4192 665 4247 hos
680 4193 772 4247 thrnst
786 4192 902 4247 himself
917 4198 967 4248 ont
981 4193 1015 4247 of
1029 4192 1078 4247 tho
1090 4191 1160 4246 close
1175 4192 1209 4244 of
1223 4207 1289 4244 rnen

193 4276 254 4331 into
268 4275 331 4331 thot
346 4277 379 4331 of
390 4277 439 4332 the
450 4279 567 4334 inferior
578 4278 683 4343 brutos,
695 4295 725 4334 us
736 4294 813 4334 some
824 4279 1000 4350 theologions
1014 4278 1090 4332 hold.
1119 4277 1173 4330 See
1184 4277 1289 4330 Domo·

193 4363 288 4428 eritne,
302 4363 445 4418 Aristotle.

237 4467 252 4494 ¹
267 4469 346 4516 Tndt.
356 4468 444 4516 Amal.
458 4483 508 4518 xrs.
519 4472 557 4521 te.
587 4471 640 4520 The
650 4485 759 4534 perunge,
766 4471 856 4532 rightly
867 4471 932 4528 need,
943 4470 963 4519 ie
974 4470 1079 4532 nothing
1088 4473 1114 4518 to
1125 4469 1166 4516 the
1177 4481 1290 4530 purpose,

192 4555 218 4588 us
229 4541 364 4603 Bnrbeyror
374 4543 489 4591 remarks.
