3228 5136
165 343 234 400 Ger.
247 341 302 412 X.]
327 344 380 400 DE
396 342 658 401 onnms'flonn
675 344 766 410 QUAE
781 345 837 402 EX
850 345 1022 404 DOMINIO
1038 347 1196 404 OBITUR.
1229 341 1269 406 19

164 507 428 597 eomprehendam
457 505 551 573 etism
575 504 629 594 jus
652 505 686 572 in
711 528 869 596 personne,
896 529 960 596 qus
985 509 1063 578 utile
1088 509 1178 580 nobis
1200 533 1269 580 esse

164 611 281 695 potest)
304 615 447 673 autnon
471 606 674 672 exstantibus.

240 708 262 773 2
297 708 325 772 E
342 705 437 772 rebus
453 705 647 772 exstantibus
663 704 811 794 obligatio
832 707 900 772 hmo
920 707 1067 786 nescitum,
1085 730 1148 797 qus
1164 713 1269 776 ‘teue-

164 813 218 872 tur
234 805 271 884 is,
297 805 352 892 qui
368 827 436 871 rem
452 812 591 871 nostrsm
607 805 706 872 habet
720 804 753 870 in
773 827 831 871 sus
846 815 1011 892 potestate,
1034 809 1155 876 efficere
1171 830 1269 897 qusn-

165 914 232 972 sum
248 903 283 970 in
299 926 333 970 se
349 911 410 988 eet,
435 903 520 972 utin
533 911 672 970 nostram
689 912 876 990 potestatem
891 906 1005 975 veniet
1058 909 1218 987 Quantum
1234 909 1268 973 in
1376 901 1381 912 '

163 1025 200 1071 se
221 1011 278 1082 est,
305 1003 373 1070 dioo
384 1027 393 1082 ;
419 1025 521 1092 neque
543 1002 625 1070 enim
648 1003 805 1094 obligetur
825 1006 868 1073 ad
887 1005 1084 1093 impossibile,
1104 1030 1207 1094 neque
1226 1009 1269 1074 ed

164 1102 359 1170 reddendam
378 1125 447 1171 rem
468 1102 532 1170 suis
548 1102 714 1190 impensis:
739 1104 795 1172 sed
812 1103 950 1172 indicere
972 1114 1108 1184 tenetur,
1133 1115 1171 1174 ut
1186 1105 1268 1174 ulter

165 1203 306 1290 recipere
321 1225 411 1270 suum
426 1201 531 1291 possit
577 1203 660 1269 Nem
682 1202 761 1270 siout
775 1205 809 1269 in
830 1225 936 1271 rerum
953 1205 1160 1272 communium
1181 1214 1268 1274 stetu

165 1302 362 1369 observande
386 1312 456 1369 eret
475 1301 636 1389 equalitas
652 1303 805 1390 quaedem,
832 1313 867 1371 ut
881 1303 954 1372 huio
975 1326 1038 1370 non
1053 1305 1155 1371 minus
1173 1327 1269 1391 quem

164 1401 257 1467 elteri
281 1403 376 1469 rebus
399 1401 611 1468 communibus
641 1401 686 1468 uti
710 1402 836 1481 lioeret3
862 1402 909 1470 ita
929 1402 1107 1472 introduoto
1133 1404 1268 1470 dominio

164 1499 233 1568 bseo
256 1501 364 1590 'qussi
384 1501 515 1569 societas
538 1501 621 1568 iuter
640 1500 780 1568 dominos
802 1511 963 1570 connecte
986 1511 1043 1583 ost,
1070 1512 1106 1571 ut
1127 1503 1268 1591 quirem

165 1679 190 1726 ol
209 1679 268 1727 robe
281 1677 447 1738 incissuras
463 1678 505 1726 sel
519 1677 690 1738 ἄφιλομένουι
739 1681 867 1738 recesserit,
876 1685 931 1727 tuso
938 1680 1073 1740 maloefidei
1078 1693 1265 1742 possessorper.

164 1755 282 1814 deeora,
292 1754 398 1801 iselsoos
406 1753 549 1800 κελεύουσιν
559 1753 690 1814 ἀπαιτεῖν,
739 1753 840 1812 hibetur,
848 1760 904 1802 turso
910 1755 977 1812 juste
985 1755 1087 1813 iniustus
1091 1769 1215 1815 possessor
1224 1771 1266 1802 vo·

164 1825 486 1889 *rup'eirdrsilpotrssrri
501 1828 579 1873 αὐτοῦ
591 1827 691 1886 κείμενα
740 1829 842 1876 cabitur.
871 1829 981 1875 Pertinet
1000 1829 1048 1875 hue
1062 1834 1089 1875 et
1102 1829 1143 1876 lex
1156 1829 1266 1890 Wisigo-

166 1904 280 1952 semu
309 1903 364 1951 Hor
377 1908 400 1950 ei
414 1901 494 1950 nesii
508 1901 614 1962 proteus
629 1902 691 1962 iopes
739 1902 836 1949 thorum
852 1903 906 1950 Lib.
917 1915 956 1950 ux.
970 1903 1009 1950 tit.
1019 1904 1041 1949 1.
1055 1918 1077 1950 e.
1087 1903 1110 1952 9.
1141 1904 1265 1951 Interdum

166 1991 217 2038 osse
231 1975 277 2034 jus
294 1977 360 2024 sotis
372 1977 479 2037 sacient,
494 1977 578 2022 omisso
594 1981 691 2036 ruptore
739 1990 797 2023 vero
807 1977 929 2022 obesusss
938 1977 1072 2036 messis:
1082 1977 1157 2024 uirilis
1163 1978 1268 2025 intendit

166 2051 280 2112 massua
289 2066 328 2100 eos
336 2051 475 2112 eorspeilore
489 2050 532 2112 osi
544 2064 584 2098 res
597 2056 691 2098 nostros
740 2055 861 2111 augetque
870 2051 933 2097 hsuo
943 2051 1122 2112 obligationem,
1127 2058 1155 2099 ut
1163 2053 1188 2098 iu
1198 2066 1267 2099 servo

165 2128 338 2189 οιιώιοιιιηω
352 2141 386 2175 eoe
398 2127 446 2175 sisi
457 2132 538 2175 tomus·
555 2125 638 2187 (Tom.
649 2140 690 2173 ιιι.
738 2127 842 2186 fugitivo
861 2126 901 2174 les
916 2127 1073 2188 Burgundios
1086 2127 1130 2175 lib.
1145 2141 1165 2177 1.
1181 2128 1219 2175 tit.
1235 2127 1266 2177 vi.

164 2217 223 2266 με.
238 2205 291 2252 888.
308 2204 358 2251 Ed.
376 2203 466 2263 Sosii.)
483 2203 643 2264 Hieronymus
658 2201 693 2250 od
739 2201 809 2248 Bous
818 2216 872 2262 quse
883 2201 985 2250 dominis
994 2217 1038 2263 por
1047 2203 1158 2264 injurium
1167 2205 1265 2252 meme-

165 2278 313 2327 mrem.-
338 2277 414 2326 Muto
429 2279 479 2324 sire
489 2282 588 2337 percote
603 2281 691 2337 puimst
739 2280 778 2321 ret
797 2276 958 2334 Domitinnus,
977 2277 1058 2324 Neris
1073 2279 1167 2325 restitui
1183 2278 1264 2339 jussit.

164 2351 440 2413 msiuliessssquod
450 2352 579 2399 isomrisi
593 2357 691 2409 mm,
739 2350 821 2397 Hsbet
835 2351 860 2398 id
875 2351 1016 2412 xiphilinus
1031 2354 1103 2416 (pag.
1117 2357 1163 2402 240
1174 2367 1198 2402 o.
1213 2355 1264 2403 Ed.

162 2431 293 2478 sidicat:
309 2427 445 2474 Dessssilli
457 2427 529 2474 dedit.
556 2425 601 2473 cn·
616 2425 690 2474 tabeo
738 2424 773 2474 H.
792 2425 886 2488 Stepl.)
911 2427 986 2487 Apud
1002 2428 1147 2490 Procopium
1169 2428 1265 2480 orsesi-

163 2502 282 2552 reddere?
302 2502 414 2560 Diremit,
429 2501 472 2547 lior
482 2505 604 2560 pereamus
614 2501 691 2546 emis
740 2515 819 2548 rorum
829 2515 858 2549 ιι.
878 2502 1033 2550 Belisariusr
1052 2505 1121 2564 οἶμαι
1141 2503 1161 2552 d'
1182 2504 1265 2566 ἔγωγε

164 2593 213 2626 nee
222 2577 321 2638 rupim,
333 2577 356 2622 si
372 2575 527 2636 guisiam
536 2589 583 2620 nors
595 2573 689 2621 mous.
739 2576 787 2624 τόν
801 2595 832 2623 τι
846 2577 1008 2638 βιασάμενον,
1023 2579 1064 2626 καὶ
1076 2580 1103 2627 iis
1118 2579 1149 2627 do
1163 2580 1200 2628 ‘sci
1218 2581 1265 2626 τοῦ

40 2635 54 2658 ·
163 2653 212 2716 [ιι
226 2652 294 2698 soen
309 2650 350 2697 nis
367 2663 416 2695 non
432 2653 470 2696 ae
486 2647 632 2708 Hieronymi,
648 2648 690 2694 „e
739 2651 821 2699 enas
831 2651 949 2700 aroteres
958 2652 1174 2716 perronensis„
1187 2657 1266 2702 «οτιν

165 2726 286 2788 origenis,
301 2740 330 2772 ex
345 2725 417 2772 Hom.
428 2735 466 2771 lv.
476 2723 502 2770 iss
516 2737 570 2784 cap.
580 2723 602 2772 6.
613 2723 690 2771 neser.
739 2723 801 2770 ὅκαίν
811 2741 843 2786 γε
858 2727 929 2774 eleos.
960 2726 1149 2776 hrotsuitha
1162 2730 1266 2786 cresim,

163 2803 380 2857 undesersusest3
394 2803 423 2846 ut
437 2797 690 2845 quditiouePithoe·
735 2801 1152 2865 pasiloeoesseresdiesussponte
1166 2807 1267 2853 retinen.

164 2890 214 2924 m
229 2875 343 2936 corporis
357 2872 427 2921 Juris
442 2873 559 2921 cenoniei
578 2874 689 2920 obsem·
740 2881 791 2933 ies,
818 2882 841 2924 et
859 2891 907 2924 nors
926 2878 1064 2938 reddendas,
1084 2895 1136 2928 cess
1159 2888 1266 2944 raptore.

167 2955 229 2999 mm.
243 2951 270 2998 J.
279 2950 322 3010 B.]
342 2948 495 3010 Augustinus
506 2949 620 2996 Sermone
630 2962 690 2996 xix.
740 2949 810 3011 (Cep.
818 2951 852 3010 6.)

166 3026 196 3076 sle
207 3026 285 3073 Veiis
292 3025 418 3087 Apostoli:
436 3023 464 3071 si
477 3023 537 3084 quid
545 3023 655 3070 hombli
668 3028 691 3071 ei
784 3024 795 3053 ¹
809 3024 907 3071 Nullum
927 3025 1074 3084 societatem,
1094 3027 1188 3075 nullum
1208 3045 1266 3089 pec.

165 3117 212 3148 sors
222 3101 355 3158 reddidisti,
368 3099 479 3159 repsisti.
510 3098 616 3145 Deinde:
642 3097 691 3158 Qui
739 3105 801 3157 tum,
809 3099 863 3145 heio
873 3099 1008 3160 intelligere
1017 3113 1114 3146 necesse
1128 3105 1172 3148 est.
1204 3103 1267 3152 Vide

166 3177 268 3224 alimus
287 3179 366 3235 nepot,
391 3173 413 3220 si
437 3176 519 3234 posset
542 3177 565 3218 et
591 3171 690 3220 tolleret.
740 3189 794 3235 ques
809 3175 854 3221 hse
869 3175 899 3221 de
915 3175 1071 3231 rasimulet
1086 3177 1181 3224 detoto
1193 3191 1266 3238 ergu-

165 3252 301 3311 Utrumque
320 3249 449 3298 Grstisnus
465 3247 550 3295 retulit
568 3247 594 3293 in
613 3261 691 3294 esusse
739 3255 823 3297 mento
837 3250 906 3298 istius
923 3250 1024 3311 Cupitis,
1044 3251 1147 3298 diximus
1163 3253 1189 3298 in
1204 3254 1268 3301 notis

163 3335 221 3376 xrs.
235 3327 391 3387 questionem
399 3338 425 3373 v.
441 3323 604 3372 emeres.
622 3325 691 3371 Idem
739 3329 771 3375 sd
791 3328 1012 3385 Purnsuossrsuss,
1030 3328 1072 3375 De
1087 3328 1152 3376 Jore
1165 3329 1226 3377 Nat.
1244 3335 1267 3378 et

165 3403 318 3465 Augustinus
334 3401 363 3448 de
375 3400 438 3448 Fide
453 3406 476 3448 et
493 3399 610 3460 operte
625 3398 690 3460 (usp.
743 3402 811 3450 (ient.
821 3403 876 3449 Lib.
886 3415 923 3450 ss.
934 3417 985 3463 usp.
996 3403 1046 3449 xiii.
1062 3404 1161 3450 alterius
1171 3403 1266 3452 Editio-

164 3480 204 3540 ηε
220 3477 506 3537 διἀῌιιηρηάἰοηοο
520 3475 611 3521 tundis
625 3475 691 3535 qss's-
740 3477 785 3535 nis,
799 3476 841 3524 nbi
851 3477 932 3524 omnis
940 3479 1074 3526 seeurs'tius
1086 3481 1212 3539 enequuti
1225 3495 1266 3528 su·

164 3551 617 3618 peetoufldeipeemsorrectissbse
630 3549 692 3598 diei·
740 3565 801 3612 mus,
818 3565 890 3610 quem
906 3553 932 3598 in
951 3553 1030 3613 prims
1046 3554 1167 3612 Editione,
1186 3559 1218 3612 et,
1238 3560 1267 3604 ut

164 3629 333 3693 impetendis
347 3643 373 3676 se
382 3627 506 3690 possiden
521 3625 618 3688 ἰφιοναι
632 3626 692 3672 alie·
740 3633 860 3688 putamus,
878 3642 951 3688 quem
968 3629 999 3676 sb
1015 3629 1065 3677 ullo
1081 3630 1159 3678 sdhuo
1173 3630 1265 3678 tectum

164 3722 238 3757 mr
260 3720 315 3754 euos
333 3703 491 3760 ementerii,
507 3715 548 3748 nee
565 3701 596 3748 ob
613 3701 691 3748 aiteio
740 3703 828 3750 lueret.
857 3701 924 3752 J.B.

223 3963 241 4010 2
265 3957 352 4012 From
366 3955 461 4028 things
475 3961 580 4022 extent,
594 3956 650 4012 this
665 3956 819 4028 obligetiou
832 3957 934 4022 arises3
956 3955 1019 4012 thet
1035 3956 1072 4012 he
1094 3955 1157 4010 who
1177 3955 1229 4012 hes
1251 3973 1269 4011 s

165 4041 247 4116 thing
261 4043 295 4098 of
306 4044 382 4098 mine
396 4043 427 4097 in
440 4043 484 4098 his
496 4059 590 4116 power
605 4045 629 4099 is
642 4043 740 4099 bound
752 4050 782 4098 to
797 4043 834 4098 do
849 4059 880 4098 so
895 4060 926 4098 es
943 4042 1029 4097 much
1042 4059 1073 4098 us
1087 4041 1125 4098 he
1140 4058 1194 4098 oon
1205 4041 1268 4097 thet

164 4127 190 4183 it
203 4143 268 4201 moy
282 4145 362 4184 oome
377 4130 437 4185 into
452 4145 499 4201 my
510 4146 612 4202 power.
648 4128 663 4183 1
677 4145 735 4200 ssy,
747 4145 777 4184 es
792 4129 877 4184 much
891 4145 921 4184 es
932 4127 969 4184 he
985 4145 1052 4184 een:
1071 4128 1117 4183 for
1131 4128 1167 4182 ho
1181 4127 1205 4183 is
1216 4133 1268 4183 not

164 4213 278 4286 obliged
289 4219 320 4270 to
330 4214 405 4270 whst
419 4217 443 4271 is
454 4215 623 4288 impossible,
635 4231 688 4270 nor
696 4221 726 4269 to
738 4221 844 4271 restore
853 4214 903 4271 the
914 4213 996 4286 thing
1009 4221 1039 4270 to
1051 4231 1097 4270 me
1109 4219 1139 4270 et
1148 4213 1194 4268 his
1206 4229 1268 4268 own

165 4316 306 4371 expensos
326 4300 380 4357 but
397 4300 473 4358 heis
494 4301 591 4358 bound
605 4307 636 4356 to
657 4299 780 4357 indicate
798 4302 831 4367 it,
844 4299 907 4356 thet
928 4299 1047 4356 another
1068 4316 1133 4371 may
1153 4313 1269 4354 recover

164 4385 242 4441 sehet
259 4387 349 4444 ishis.
384 4387 442 4443 For
462 4404 493 4444 es
507 4389 538 4441 iu
555 4387 604 4443 the
621 4392 694 4442 stete
710 4387 744 4442 of
755 4388 928 4459 eommunity
949 4386 983 4442 of
997 4386 1100 4457 things,
1121 4401 1140 4438 e
1161 4382 1268 4436 certain

165 4471 291 4546 musiity
305 4489 384 4530 mmo
398 4480 429 4531 to
443 4474 480 4531 be
496 4473 641 4540 obserred,
660 4490 691 4531 so
706 4473 769 4532 thet
783 4491 838 4532 one
849 4472 939 4546 might
953 4473 989 4530 bo
1004 4472 1067 4529 oble
1082 4476 1112 4526 to
1123 4484 1174 4524 use
1187 4465 1269 4524 those

1075 4568 1166 4634 2-2
