3228 5136
349 343 389 406 64
706 357 759 411 nn
782 352 1084 411 cournneurnus.
1322 348 1397 418 [ne.
1409 350 1448 405 11.

421 522 443 586 2
476 519 500 584 J
502 519 552 586 oh.
576 519 833 608 chrysostomus:
871 514 954 586 ὅταν
979 516 1049 609 ’γάρ
1076 512 1110 584 ἑν
1133 515 1205 584 τοῖς
1227 512 1446 600 συμβολαίοις

198 628 244 685 oei
249 610 283 685 1?
281 655 301 696 μ
345 618 399 688 καὶ
416 615 509 700 ἡνίκα
525 611 552 687 δ’
569 615 607 687 ἂν
621 613 791 711 α’γορᾶσαι
808 611 862 713 δέῃ
879 646 914 684 τι
932 611 951 698 ἢ
971 614 1022 684 καὶ
1038 606 1232 688 ἀποδόσθαι,
1255 618 1448 708 φιλονεικῶ·

343 749 401 800 μεν
416 718 470 788 καὶ
481 715 675 814 βιαζόμεθα
690 712 839 786 ἔλαττον
857 719 915 798 τῆς
928 712 1021 806 α’ξὶας
1035 711 1246 800 καταλαβεῖν
1260 713 1312 781 καὶ
1328 710 1443 783 πάντα

346 814 430 912 ὑπὲρ
448 816 572 888 τούτου
588 822 740 896 ποιῶμεν,
758 813 794 885 οὖ
806 817 949 911 λῃστεὶα
967 813 1009 882 vt
1023 817 1162 909 πρᾶγμα
1179 809 1284 882 ἐστίν·
1311 817 1446 890 Quoties

345 921 431 986 enim
446 922 482 985 ιἰι
499 920 724 993 contractibus,
742 929 772 983 et
785 917 908 1003 quotiee
923 917 1088 982 emendum
1101 915 1180 1000 quid
1197 925 1256 979 αιιι
1273 915 1448 1000 dependen-

345 1021 424 1084 dum
443 1031 498 1094 eet,
526 1020 755 1092 contendimoe,
781 1018 928 1100 omnique
952 1017 1046 1080 modo
1069 1015 1254 1079 loboromue
1278 1025 1315 1078 ιιι
1339 1015 1450 1080 minue
1612 1010 1613 1080 i

345 1141 436 1204 equo
444 1120 554 1203 pretio
563 1120 688 1191 demun
701 1117 821 1180 5ιιοιιιιο
832 1116 1009 1200 hutefaoto
1021 1115 1185 1200 quoddam
1197 1113 1448 1197 ioeetfortom?

347 1216 489 1303 Scriptor
511 1215 587 1283 vitae
619 1215 734 1281 Ieidori
758 1213 844 1301 epud
872 1212 1028 1290 Photium,
1052 1211 1215 1278 Hermion
1239 1219 1359 1287 narret,
1389 1210 1444 1277 ubi

345 1317 430 1404 quod
447 1336 550 1381 emere
563 1315 657 1382 vellet
668 1313 754 1401 justo
770 1313 853 1379 sorte
870 1311 996 1377 minoris
1009 1310 1279 1388 eeeetindieotum‚
1296 1309 1446 1397 adjecisse

346 1414 430 1502 quod
446 1414 530 1501 justo
547 1414 647 1502 pretio
667 1415 787 1491 deerat,
803 1411 889 1499 quod
909 1411 1102 1477 existimaret
1121 1410 1214 1477 aliter
1234 1431 1331 1498 egere
1352 1409 1447 1497 injus-

345 1514 424 1580 titiae
440 1536 507 1580 esse
522 1513 664 1601 speeiem,
681 1513 737 1578 sed
750 1511 822 1578 tolie
838 1532 908 1597 quae
929 1509 1078 1597 plurimos
1093 1509 1217 1576 lateret.
1254 1511 1298 1575 Et
1314 1508 1347 1574 in
1362 1509 1446 1574 hune

346 1635 470 1680 eeneum
493 1613 741 1702 interpretantur
763 1609 894 1677 Hebraei
917 1609 1029 1699 legem,
1063 1630 1134 1696 quae
1158 1616 1207 1676 eet
1231 1600 1343 1675 ¹Lerit.
1369 1631 1446 1675 xxv.

348 1715 391 1780 14
409 1723 442 1779 et
459 1711 512 1780 17.

422 1813 499 1878 XII.
543 1814 562 1876 1
596 1813 709 1877 Restet
733 1809 891 1897 equalitas
915 1808 949 1874 in
973 1831 1010 1875 eo
1036 1809 1076 1875 de
1101 1830 1161 1896 quo
1186 1808 1300 1896 egitur,
1322 1806 1357 1872 in
1384 1807 1446 1873 hoe

345 1911 524 1989 oensietene,
548 1919 584 1977 ut
604 1911 725 1978 etiamsi
745 1931 802 1976 nee
827 1909 959 1976 celatum
976 1909 1139 1997 quiequam
1163 1906 1205 1974 eit
1225 1907 1309 1995 qued
1327 1906 1446 1972 dietum

347 2011 493 2099 oportuit,
519 2032 576 2076 neo
595 2011 665 2098 plus
689 2019 832 2076 ereetum
858 2029 951 2095 quem
973 2008 1081 2074 deberi
1104 2006 1282 2093 putabatur,
1308 2005 1385 2072 siin
1407 2028 1446 2072 re

347 2118 452 2176 umen
466 2108 719 2195 deprehendatur
741 2107 945 2192 inoequelitoe,
969 2127 1155 2194 quemquem
1175 2105 1242 2173 eine
1262 2105 1354 2193 eulpa
1369 2126 1443 2192 per-

345 2208 433 2288 tium,
457 2217 534 2294 puto
558 2207 642 2294 quod
665 2206 773 2271 vitium
788 2206 917 2282 latebat,
935 2216 991 2272 out
1015 2206 1055 2272 de
1080 2203 1181 2293 pretio
1206 2205 1379 2280 errabatur,
1405 2225 1445 2270 eo

345 2327 468 2392 queque
491 2305 532 2371 sit
553 2303 759 2381 resarciendo,
780 2313 813 2370 et
836 2303 1020 2370 demendum
1043 2303 1072 2370 ei
1087 2303 1141 2391 qui
1162 2304 1232 2392 plue
1248 2304 1353 2380 hebet,
1373 2303 1445 2370 red·

345 2404 542 2490 dendumque
558 2402 659 2468 minue
675 2401 822 2468 habenti:
843 2401 916 2487 quio
931 2402 965 2467 in
980 2411 1141 2469 contrecto
1155 2403 1190 2469 id
1205 2403 1361 2489 utrimque
1372 2425 1446 2491 pro·

345 2502 478 2590 positum
497 2509 554 2568 out
569 2501 637 2577 fuit,
659 2509 715 2567 eut
735 2522 803 2566 esse
825 2500 942 2582 debuit,
969 2510 1005 2568 ut
1026 2509 1159 2589 uterque
1182 2502 1364 2570 tantundem
1388 2503 1445 2569 he-

344 2602 464 2668 berent.

389 2759 563 2807 ⁸Sententiam
579 2760 659 2817 intem,
677 2763 706 2806 nt
726 2759 796 2806 nimie
812 2759 871 2820 rigi·
918 2759 975 2816 rior,
1004 2759 1083 2807 obiter
1106 2761 1240 2808 obeemrit
1264 2775 1288 2807 v.
1313 2759 1350 2808 Gl.
1379 2757 1443 2805 Anu.

345 2837 408 2895 donn,
426 2835 554 2896 improbet,
575 2836 693 2896 eimrrlqne
713 2836 744 2881 eb
764 2835 871 2882 Auctore
920 2833 1121 2892 Scuunrmmm,
1132 2836 1241 2883 sermon.
1252 2835 1389 2882 eudemio.
1404 2833 1447 2880 Dc

346 2915 427 2958 neutro
437 2911 500 2958 mule
509 2909 631 2966 ληπειαν
641 2910 701 2957 verti
703 2910 808 2970 fiertum,
818 2923 872 2970 quae
920 2899 1023 2970 ααοιιιια
1037 2911 1170 2958 meantia
1184 2911 1295 2957 Ηοιιιίαἰι
1311 2910 1346 2956 od
1360 2909 1445 2970 Lepon

345 3001 392 3034 vox
401 2987 520 3049 eignifient
534 2987 691 3046 latrocinium,
706 2987 813 3046 adeoque
828 2986 873 3032 dn·
921 2985 983 3042 toni,
994 2999 1051 3046 pog.
1062 2987 1100 3034 88.

402 3244 420 3290 2
444 3234 617 3292 huthoritiee
631 3239 665 3292 oi
677 3237 866 3309 Ohryeoetom
882 3239 1022 3300 Hermiae,
1040 3237 1130 3292 Lerit.
1146 3253 1207 3292 xxv.
1225 3241 1259 3290 14
1273 3236 1330 3291 end
1346 3239 1391 3294 17.

402 3321 471 3374 XII.
511 3327 525 3374 1
556 3321 649 3376 There
668 3324 790 3379 remeius
810 3329 840 3380 ιο
861 3325 899 3379 be
918 3324 1091 3388 considered,
1105 3322 1230 3393 equolity
1243 3323 1273 3376 in
1293 3322 1343 3377 the
1361 3322 1446 3395 thing

343 3405 427 3468 iteelf,
448 3406 601 3476 consisting
619 3408 650 3461 in
673 3407 737 3474 thie,
758 3408 822 3464 thet
840 3409 948 3481 though
966 3409 1085 3480 nothing
1106 3425 1161 3463 nae
1182 3408 1332 3463 eonoeoled
1353 3408 1444 3465 which

344 3489 433 3563 ought
446 3495 477 3544 to
492 3489 564 3545 heve
578 3491 652 3547 been
672 3494 741 3560 told,
762 3511 816 3549 nor
828 3511 908 3550 more
922 3496 1039 3551 enneted
1053 3494 1123 3549 than
1141 3511 1196 3550 wne
1216 3492 1337 3565 thought
1357 3500 1388 3549 to
1406 3495 1444 3551 be

344 3577 414 3639 due;
436 3581 485 3645 yet
498 3575 525 3628 ii
541 3575 622 3633 there
633 3579 670 3634 be
681 3597 718 3634 on
730 3580 884 3652 inequality
897 3582 927 3636 in
941 3580 991 3637 the
1006 3581 1087 3653 thing
1101 3580 1186 3646 iteelf,
1202 3579 1310 3651 though
1324 3578 1445 3636 without

344 3679 400 3733 any
416 3660 490 3715 seuit
503 3661 538 3716 of
546 3661 595 3718 the
606 3667 728 3735 partim
745 3665 826 3722 iiior
839 3668 966 3722 inetnnee
981 3666 1063 3722 there
1078 3683 1132 3722 wee
1147 3683 1224 3722 eome
1238 3665 1329 3720 letent
1341 3666 1445 3730 defeet,

344 3763 377 3802 or
391 3763 468 3802 nome
481 3763 559 3802 error
573 3749 661 3805 ehout
672 3751 722 3806 the
739 3753 825 3822 priee,
842 3753 905 3807 thet
919 3753 979 3807 eleo
994 3752 1017 3807 ie
1033 3758 1064 3808 ιο
1077 3752 1114 3807 be
1128 3752 1211 3806 mode
1221 3751 1304 3823 good,
1322 3752 1379 3805 end
1393 3751 1444 3806 the

343 3833 494 3888 differenee
508 3834 575 3905 peid
589 3842 619 3891 ιο
634 3835 693 3890 him
703 3836 872 3894 whoenffere
886 3838 924 3909 by
934 3839 958 3891 it
966 3856 975 3902 3
995 3837 1124 3902 became,
1138 3838 1168 3890 in
1182 3853 1201 3891 e
1215 3842 1350 3901 eentreet,
1362 3836 1444 3892 there

343 3935 398 3973 nee
412 3918 556 3984 intended,
572 3936 606 3975 or
626 3921 716 3994 ought
737 3928 768 3977 ιο
788 3921 860 3978 haro
878 3921 961 3988 been,
978 3921 1041 3976 thet
1059 3921 1129 3977 eeeh
1146 3929 1230 3994 party
1250 3922 1352 3978 should
1371 3920 1445 3978 here

343 4003 392 4060 the
406 4019 484 4058 earne
497 4005 588 4060 velue.

396 4095 413 4144 ι
437 4088 498 4143 Τλο
518 4091 630 4146 Romen
646 4092 700 4147 λιιι
717 4093 871 4166 appointed
885 4092 941 4148 thie
961 4109 991 4147 ne
1006 4090 1056 4148 the
1070 4091 1141 4157 rulo,
1161 4098 1213 4148 not
1234 4093 1264 4146 in
1285 4109 1370 4166 every
1384 4095 1445 4150 ine-

342 4176 459 4248 queiity,
476 4174 534 4239 (for
547 4175 596 4231 the
611 4177 664 4231 lew
677 4178 745 4235 does
759 4183 810 4232 not
824 4179 919 4234 follow
930 4183 1047 4232 mettere
1063 4184 1093 4232 to
1108 4177 1183 4233 their
1197 4179 1320 4235 emaileet
1334 4180 1445 4235 dimen-

344 4264 429 4327 sione,
446 4261 502 4315 eud
517 4260 576 4315 oleo
590 4261 688 4319 wishes
703 4272 734 4319 ιο
749 4264 861 4319 obviate
875 4263 924 4319 the
938 4263 1090 4318 multitude
1102 4264 1136 4318 oi
1152 4263 1297 4331 lnwsuitn)
1315 4265 1412 4320 botin
1425 4283 1445 4321 e

342 4365 428 4420 grove
442 4346 605 4420 inequality‚
627 4365 658 4402 ee
677 4349 722 4404 for
741 4351 876 4415 inetunee,
891 4366 945 4405 one
960 4349 1051 4404 which
1065 4349 1182 4405 exeeede
1196 4349 1247 4404 the
1267 4349 1331 4405 hau
1343 4350 1377 4405 of
1394 4351 1443 4408 the

342 4435 490 4507 feirpriee.
508 4433 543 4489 In
552 4433 620 4498 feet,
631 4434 705 4500 lewe,
715 4453 746 4492 on
756 4435 854 4492 Cicero
866 4453 937 4508 seyr,
945 4452 1059 4491 remove
1068 4436 1142 4491 what
1152 4437 1177 4516 ip
1189 4441 1240 4491 not
1251 4435 1402 4507 equitabie,
1412 4439 1443 4492 in

297 4563 303 4572 .
343 4537 420 4577 eneee
428 4520 508 4577 when
518 4523 707 4594 youooutehe
718 4522 787 4580 hold
796 4523 830 4579 of
839 4523 863 4580 it
872 4521 938 4579 with
951 4538 1021 4596 your
1032 4521 1124 4590 hond3
1138 4521 1187 4578 the
1198 4521 1402 4594 philosophus,
1410 4539 1444 4578 eo
