3248 5126
332 269 398 334 336
456 271 459 276 ’
779 277 830 332 Dli
853 277 993 332 POENIS.
1314 265 1394 338 [Lusa
1409 269 1452 325 11.

334 444 436 510 dicum
453 447 618 530 potestate,
635 447 669 506 et
691 462 769 527 quos
783 463 846 506 non
862 438 1012 527 potuisset
1028 439 1133 506 verbis
1148 438 1305 516 inducere,
1324 461 1381 504 eos
1401 439 1447 516 ri,

334 543 445 630 plagis,
463 540 701 626 carceribusque
716 539 758 604 ad
773 561 806 606 se
823 540 1009 626 pertrahere
1025 539 1240 604 anniteretur:
1263 552 1362 622 atque
1379 541 1446 615 itu,

335 641 445 727 inquit,
473 643 615 724 seipsam
640 661 740 725 quem
767 661 832 704 nors
858 641 902 704 sit
920 641 994 723 pie,
1022 660 1079 704 nec
1100 640 1168 703 Dei
1190 639 1312 702 cultrch
1332 640 1447 702 mani-

327 742 446 825 festat,
464 738 633 824 respiciens
654 737 688 802 ni
709 736 801 803 iallor
823 737 865 802 ad
889 735 966 801 illud
987 737 1071 827 quod
1087 737 1203 824 legitur
1219 735 1311 801 vesi.
1329 735 1368 800 iv.
1388 738 1444 801 29.

338 837 459 903 Similia
475 837 573 902 habet
596 835 737 901 Hilarius
759 835 899 901 oratione
920 835 962 900 ad
984 834 1210 901 Constantium.
1261 835 1321 898 qlu
1339 834 1445 900 Gallia

333 936 401 1023 jam
428 934 502 1000 olim
529 934 669 1000 damnati
694 942 767 1000 sunt
791 933 927 998 ecclesie
949 933 1066 1020 judicio
1093 932 1240 1020 Episcopi
1266 933 1320 1018 qni
1346 940 1382 999 nt
1408 933 1444 998 in

338 1033 588 1100 Priscillianistns
620 1031 725 1122 gladio
758 1031 1063 1098 animadverteretur
1098 1042 1304 1108 curaverant3
1340 1041 1374 1097 et
1406 1030 1443 1096 in

338 1133 460 1199 oriente
487 1133 636 1199 damnata
662 1131 810 1218 synodus
835 1151 906 1217 quos
932 1131 965 1195 in
990 1129 1144 1219 Bogomili
1160 1130 1352 1196 exustionem
1368 1153 1443 1195 con·

337 1240 487 1298 senserat.
515 1231 681 1317 Sapienter
693 1229 773 1294 dixit
786 1229 886 1304 Plato,
900 1229 1053 1294 rerrantis
1064 1251 1187 1316 poensm
1200 1251 1277 1305 esse,
1291 1228 1422 1293 ⁴doceri.

415 1331 469 1394 Ll.
522 1332 541 1393 1
577 1327 715 1392 'Justius
740 1326 785 1391 illi
810 1327 981 1413 punientur
1008 1327 1062 1413 qui
1092 1328 1125 1392 in
1155 1349 1219 1408 eos,
1250 1349 1327 1413 quos
1356 1329 1441 1393 Deos

339 1435 460 1515 putant,
477 1425 685 1492 irreverentes
705 1433 801 1511 atquo
823 1424 990 1515 irreligiosi
1013 1433 1095 1492 sunt
1144 1426 1248 1512 Atque
1264 1428 1333 1493 haec
1349 1445 1442 1491 ausa

338 1619 418 1667 πόλει
428 1620 468 1667 sal
480 1619 551 1681 xsipp
559 1617 722 1680 εἰργάσαντο,
728 1617 797 1666 siit
802 1617 867 1665 πολ·
916 1618 1053 1678 scripum
1066 1619 1133 1666 sessis
1147 1620 1254 1667 consiliis
1267 1621 1390 1668 seculares
1397 1619 1444 1678 jis.-

339 1696 409 1742 )late·
429 1695 554 1742 Veritatem
567 1695 672 1741 docmtoe
689 1698 782 1750 cesos,
796 1707 869 1752 neque
916 1693 980 1740 dices
999 1693 1093 1750 dsunt,
1112 1699 1138 1739 ut
1158 1709 1238 1740 sorum
1257 1696 1355 1742 ἀειτώε
1371 1701 1443 1756 utque

339 1771 417 1816 cete
431 1775 542 1828 evertunt,
556 1767 680 1829 sestertiis,
692 1769 767 1823 bellis,
779 1768 869 1828 pludiis
916 1768 1089 1814 assationibus
1102 1768 1209 1816 lioeretici
1220 1770 1316 1816 urbibus
1325 1771 1445 1830 pelleres·

339 1845 439 1890 tradunt
453 1849 514 1891 rests
524 1845 663 1890 nauata:
675 1844 772 1889 esitium
782 1843 869 1902 quippe
916 1847 963 1890 tur.
980 1844 1046 1904 (Lib.
1057 1857 1085 1891 ιι.
1102 1859 1123 1891 c.
1138 1846 1187 1904 47.)
1202 1847 1275 1891 Mox:
1291 1847 1363 1892 secuti
1372 1847 1445 1892 eta·

334 1917 390 1975 jum
399 1932 445 1964 nos
455 1919 503 1976 uni,
513 1917 555 1964 sed
563 1917 643 1964 nsua
653 1916 750 1962 aridus
766 1915 869 1975 regioni·
916 1923 1066 1964 accusatores
1074 1919 1175 1966 Iducius
1184 1925 1206 1967 et
1216 1921 1324 1968 ltincius
1330 1921 1444 1980 episcopi,

341 1993 427 2053 traque
441 1995 548 2040 attulm.
574 1992 613 2038 De
623 1991 723 2037 Talibus
736 1989 868 2049 Gregorisu
917 1995 1324 2055 quorumstudtums'uespuqsnsctis
1330 1997 1446 2042 ureae:

341 2068 468 2127 episcopus
479 2068 602 2112 Romanus
616 2066 648 2111 sd
662 2063 867 2123 Constantinopo-
917 2083 963 2114 mn
977 2069 1174 2128 reprehendam,
1188 2071 1211 2116 η·
1230 2084 1276 2116 m
1295 2070 1374 2116 ΜΟ
1392 2072 1446 2115 sis·

340 2138 441 2185 litsnum
463 2141 618 2199 episcopum:
641 2138 707 2196 (Lib.
729 2148 759 2186 11.
775 2137 829 2182 Iud·
845 2139 869 2183 2·
917 2144 985 2190 residi
996 2144 1053 2203 plus
1069 2159 1140 2205 queas
1155 2146 1296 2205 oportuisset
1309 2149 1445 2194 ceream

340 2213 387 2272 Ep.
398 2216 452 2274 52.)
465 2214 538 2260 Noua
547 2218 568 2258 et
580 2213 691 2258 inaudita
700 2217 734 2258 est
748 2213 797 2257 ista
803 2224 869 2270 proe·
917 2217 954 2264 Ac
969 2232 1021 2264 mea
1036 2219 1128 2278 quidem
1141 2222 1254 2266 sectatio
1267 2225 1307 2278 est,
1321 2221 1381 2266 nus
1394 2226 1446 2266 tasi

341 2289 439 2345 dicatio,
460 2303 514 2348 quoe
540 2287 674 2333 verberibus
698 2287 772 2346 eripit
785 2285 869 2344 fidas.
917 2301 1047 2348 reosquess
1056 2295 1206 2336 accusatores
1218 2291 1348 2350 displicere.
1365 2291 1446 2350 (lbid.

339 2361 418 2421 [Mais
429 2361 638 2419 quidemegernnt
652 2360 752 2406 Asiam:
768 2360 810 2404 sed
820 2372 868 2404 non
918 2363 995 2423 eoo.)
1011 2363 1111 2410 Postea:
1127 2363 1251 2410 Murtiasss
1260 2367 1326 2424 apud
1334 2365 1446 2412 Treuiros

339 2435 412 2494 primi
422 2438 471 2480 tani
484 2434 573 2478 malum
585 2433 720 2492 exemplum
735 2435 869 2480 ediderunt.
918 2438 1055 2484 cmufitutus
1062 2452 1108 2483 aon
1118 2437 1237 2485 desinebat
1246 2440 1368 2498 incrspm
1374 2441 1446 2486 Itha-

341 2508 397 2554 Jam
408 2511 480 2552 entes
495 2506 637 2562 Orthodori,
648 2507 678 2551 ad
694 2521 734 2552 eos
748 2508 869 2554 vexandos
918 2512 1052 2557 ciumutab
1062 2513 1350 2559 acmatienedesisteret:
1368 2515 1447 2560 Mus·-

340 2583 489 2642 lmpulesant
506 2581 700 2639 Constantinum,
716 2587 744 2627 ut
759 2597 789 2629 ex
807 2582 869 2628 His·
918 2585 989 2630 imum
1000 2600 1078 2643 crare,
1088 2591 1115 2632 ut
1123 2589 1237 2646 smspuins
1246 2587 1374 2647 tsp'elictusa
1388 2589 1445 2634 nis·

341 2658 406 2704 toria
418 2656 591 2703 Ecclesiastico
602 2661 704 2702 cousin.
734 2657 763 2703 J.
773 2655 820 2716 B.]
917 2660 1017 2715 tinerm
1032 2661 1092 2705 setis
1106 2673 1221 2720 superque
1235 2661 1341 2722 sufficere
1354 2666 1380 2706 ut
1393 2662 1445 2721 epi·

386 2739 399 2772 r
416 2730 473 2778 Gal.
485 2731 515 2777 ic.
526 2729 576 2791 eu]
593 2731 633 2777 Ad
645 2745 716 2790 quem
727 2730 806 2777 locum
814 2730 869 2777 ride
916 2735 1010 2792 scopuli
1018 2735 1130 2780 sententia
1140 2735 1245 2780 heretici
1247 2733 1354 2791 judicati
1363 2734 1447 2784 Eccle-

340 2803 522 2867 Hieronymum,
533 2805 633 2852 citatum
644 2819 667 2853 c.
678 2805 869 2866 guimundum,
917 2809 1118 2872 dispellerentur.
1150 2809 1390 2870 Videetsequentis.

332 2885 378 2931 013.
390 2895 461 2928 causa
471 2893 552 2932 xxm.
564 2884 648 2940 quaest.
659 2879 691 2925 iv.
964 2891 974 2916 ¹
987 2883 1105 2930 Errnutis
1114 2897 1209 2944 pteram
1224 2899 1280 2942 esse,
1295 2885 1384 2945 doceri]
1400 2887 1445 2932 Se-

385 2956 442 3004 aIn
454 2957 540 3003 Gallia
549 2956 605 3013 jem
617 2955 674 3002 elim
683 2953 791 3002 damnati
805 2951 868 3013 me]
918 2971 978 3004 nece
1002 2957 1028 3002 in
1047 2957 1179 3018 {ingredia
1198 2957 1282 3018 (Herc.
1300 2957 1360 3008 Fur.
1383 2974 1444 3009 vere.

342 3035 461 3095 Sulpicius
480 3033 594 3082 Severus:
619 3038 668 3080 mm
690 3047 745 3079 cero
770 3032 871 3078 Idosius
918 3030 1004 3092 nen:

341 3116 412 3170 utque
422 3111 530 3157 Ithacius
540 3109 621 3156 aerim
637 3110 733 3166 instare,
747 3108 869 3154 motem-
942 3107 1073 3154 Qulmmffl
1080 3115 1172 3154 unium
1180 3105 1406 3148 mlfflffloddedlt?

342 3189 376 3230 tes
381 3197 452 3243 posse
465 3184 527 3230 inter
539 3184 611 3229 tritta
625 3183 712 3228 ndum
728 3181 867 3241 comprimis
918 3184 943 3226 st
954 3179 982 3225 de
991 3177 1037 3225 Ira
1046 3191 1065 3224 1.
1075 3180 1113 3227 14.
1126 3193 1172 3228 son
1183 3181 1347 3239 estprudersts's
1360 3194 1444 3228 ersa-

342 3432 373 3488 in
394 3429 443 3486 the
459 3429 575 3502 judicial
589 3445 684 3502 power
701 3430 811 3502 against
831 3429 905 3485 their
923 3428 1112 3492 adversariam
1136 3428 1200 3482 liris
1217 3429 1307 3494 sicus,
1319 3425 1358 3483 ho
1371 3444 1447 3501 says,

343 3521 401 3574 that
423 3519 489 3573 their
510 3535 572 3588 wey
592 3518 616 3572 ic
637 3525 684 3572 not
701 3518 799 3588 plausi
829 3516 976 3585 referring,
997 3513 1119 3575 Ithiult‚
1138 3519 1169 3567 to
1191 3513 1253 3567 Gal.
1275 3515 1311 3568 ir.
1329 3520 1377 3569 29:
1404 3515 1445 3569 As

342 3605 411 3668 tices,
426 3605 455 3658 iss
470 3605 527 3657 tint
541 3621 598 3658 was
610 3605 678 3658 bom
695 3605 768 3675 aster
782 3604 822 3657 tiss
836 3603 905 3673 flasi
916 3599 1068 3671 persecutori
1080 3600 1136 3652 iim
1150 3600 1277 3653 tiutwus
1290 3602 1358 3654 bom
1369 3602 1446 3670 aflei·

341 3689 384 3742 itu
394 3688 483 3757 spirit,
495 3705 556 3742 eom
566 3707 594 3742 so
608 3689 664 3742 itis
678 3705 746 3742 now.
777 3688 813 3741 In
828 3687 912 3750 Gaul,
922 3685 972 3740 the
983 3683 1097 3755 bishops
1109 3700 1182 3738 were
1193 3684 1368 3739 condemned
1380 3685 1442 3739 who

342 3771 411 3825 used
426 3770 475 3824 the
490 3773 579 3826 sword
593 3775 703 3841 against
717 3772 767 3827 the
780 3771 1001 3835 Priscillianists3
1015 3769 1072 3822 and
1087 3770 1116 3822 in
1131 3769 1180 3824 the
1195 3776 1264 3833 east,
1282 3769 1332 3823 the
1347 3769 1443 3842 Synod

342 3853 432 3908 which
447 3855 550 3922 agreed
564 3861 594 3908 to
610 3855 659 3914 the
676 3854 798 3926 burning
817 3856 851 3910 of
861 3856 1032 3926 Bagomilus.
1064 3852 1161 3921 (Pluto
1180 3871 1243 3926 says
1263 3855 1366 3926 wisely,
1380 3855 1443 3910 that

342 3937 393 3993 the
417 3954 522 4009 proper
545 3937 728 4010 punishment
751 3940 785 3993 of
804 3938 864 3993 him
889 3940 953 3995 who
978 3942 1002 3994 is
1029 3941 1154 4011 wrong*,
1178 3940 1202 3994 is
1225 3944 1256 3994 to
1278 3941 1315 3996 be
1343 3941 1443 4013 taught

342 4023 441 4096 right).

397 4111 446 4166 LI.
480 4117 494 4166 1
508 4109 601 4165 These
615 4109 725 4181 maybe
737 4126 816 4166 moro
826 4111 916 4184 justly
928 4111 1067 4182 punished
1079 4109 1141 4167 who
1156 4127 1205 4165 are
1219 4111 1375 4166 irrereront
1387 4110 1444 4164 end

343 4196 501 4268 irreligione
515 4196 636 4251 towards
651 4196 733 4251 those
747 4195 840 4251 whom
854 4197 922 4269 they
936 4196 1045 4251 believe
1060 4203 1090 4251 to
1104 4195 1142 4252 he
1159 4195 1237 4267 gods.
1277 4197 1345 4252 This
1360 4213 1445 4251 cause

342 4300 445 4355 among
460 4282 555 4338 others
574 4299 629 4338 was
647 4281 776 4338 adduced
793 4283 839 4338 tor
858 4283 908 4337 the
926 4283 1153 4353 Peloponnesian
1173 4298 1230 4336 war
1246 4281 1375 4338 between
1393 4281 1444 4354 spe

664 4405 678 4431 '
693 4404 764 4452 Plato
775 4419 837 4466 says,
847 4403 1019 4466 osipncruaee.
1050 4403 1117 4452 aa.
