3228 5136
340 353 361 418 4
670 361 832 428 QUANDO
854 360 1017 417 IMPERIA
1038 363 1114 416 VEL
1314 357 1387 430 [Luc.
1399 359 1438 415 11.

338 525 493 592 neminem
509 533 650 592 nostrum
676 526 808 592 eundem
825 548 891 591 ease
914 525 947 591 in
967 533 1135 601 senectute,
1159 523 1213 610 qui
1233 523 1293 590 fuit
1305 523 1440 609 juvenis,

338 634 374 691 ut
400 626 440 690 de
468 625 600 691 materia
625 625 690 690 eola
719 625 931 713 intelligatur3
959 624 1135 710 equomode
1165 624 1344 688 Heraclitus
1373 622 1442 688 dix-

338 733 417 804 erat,
448 724 564 790 citante
595 725 725 790 Platone
755 724 787 789 in
815 727 958 810 Gratylo,
988 733 1021 789 et
1053 723 1173 788 Seneca
1193 721 1275 788 dieto
1304 722 1381 799 loco,
1409 721 1443 788 iu

338 824 421 888 idem
438 824 553 888 flumen
575 823 623 889 bis
644 845 701 888 nes
724 845 788 888 non
812 823 1021 889 descendere:
1047 822 1131 908 quod
1150 830 1236 888 recte
1250 819 1294 886 eie
1310 819 1441 908 corrigit

340 923 479 988 Seneca:
504 925 622 988 Manet
639 925 725 988 idem
734 924 887 1006 fluminio
906 944 1028 996 acmen,
1055 943 1145 1004 aqua
1166 922 1362 986 eracemum
1383 932 1439 986 eet.

340 1021 428 1088 Sicut
454 1029 487 1087 ct
512 1021 702 1087 Aristoteles
726 1021 841 1086 flumen
863 1022 977 1107 populo
998 1041 1181 1106 comparans
1202 1018 1291 1096 dixit,
1313 1017 1442 1084 flumina

339 1121 448 1187 eadem
475 1121 581 1186 uocari
610 1141 788 1207 quanquam
817 1119 880 1185 alia
906 1121 1018 1185 subeat
1045 1141 1167 1205 semper
1192 1140 1284 1205 aqua,
1308 1117 1370 1184 alia
1387 1117 1442 1183 de-

339 1220 439 1285 cedat.
493 1221 604 1305 Neque
630 1241 706 1284 vero
733 1227 839 1284 manet
863 1240 976 1283 nomen
1002 1219 1113 1283 inane:
1142 1218 1198 1282 aed
1224 1225 1258 1282 et
1284 1212 1349 1305 ἕξις
1375 1216 1440 1294 illa,

339 1339 432 1405 quam
459 1318 568 1384 Conon
591 1317 699 1383 definit
723 1315 790 1405 ἔξιν
815 1313 970 1395 σώματος
995 1313 1197 1397 συνεκτικὴν,
1227 1315 1318 1381 Philo
1347 1344 1441 1386 πνευ-

338 1414 476 1497 ματικὸν
498 1412 648 1510 συνέχον,
674 1416 787 1482 Latine
811 1437 933 1502 quoque
956 1416 1100 1502 spiritum
1116 1423 1236 1480 vocant
1285 1415 1337 1480 Sic
1362 1436 1441 1503 erge

188 1553 194 1564 ·
250 1507 266 1565 '·
340 1516 480 1603 populus,
508 1519 645 1581 Auctore
666 1514 810 1602 Alpheno
833 1524 866 1579 et
888 1515 1057 1580 Plutarcho
1074 1514 1115 1580 de
1131 1535 1202 1578 aera
1225 1513 1360 1584 numinis¹
1375 1513 1442 1579 viu-

340 1615 432 1690 dicta,
459 1614 542 1680 idem
570 1616 630 1680 hec
658 1621 799 1700 tempore
825 1620 955 1699 putatur
982 1611 1036 1699 qui
1061 1611 1175 1677 abhinc
1201 1620 1323 1677 centum
1351 1613 1442 1677 annia

339 1713 408 1790 suit,
437 1735 506 1779 cum
534 1735 573 1778 ex
603 1712 664 1778 illie
688 1734 780 1777 nemo
810 1733 893 1778 nune
917 1710 1015 1777 vivit:
1048 1705 1164 1804 μέχρις
1188 1705 1227 1778 ἂν
1251 1707 1270 1791 ἡ
1298 1713 1440 1779 ποιοῦσα

338 1811 392 1880 rui
419 1803 598 1880 συνδέουσα
623 1813 698 1883 ταῖς
729 1807 925 1879 ἐπιπλοκαῖς
951 1811 1094 1878 κοινωνία
1121 1807 1184 1890 τήν
1209 1804 1356 1890 ἑνότητα
1374 1801 1441 1877 δια-

339 1906 514 2010 φυλάττῃ·
540 1913 700 1996 quamdiu
716 1912 789 1985 ilua,
803 1931 875 1995 quoe
886 1911 1047 1995 populum
1054 1911 1149 1994 facit
1165 1921 1195 1974 et
1211 1911 1335 1974 mutuis
1350 1911 1441 1974 occi-

340 2012 398 2076 due
414 2013 525 2086 uincit,
544 2011 724 2074 communio
734 2010 793 2092 jue
809 2010 951 2074 unitatis
973 2032 1040 2075 auce
1059 2019 1189 2085 cervat;
1216 2029 1286 2093 quae
1303 2005 1441 2092 ejusdem

338 2107 499 2174 Plutarchi
515 2106 549 2171 in
565 2108 624 2172 hae
641 2129 676 2172 re
692 2108 790 2171 verba
812 2115 895 2174 sunt.
947 2108 990 2172 Et
1007 2104 1079 2171 hinc
1095 2115 1182 2172 ortua
1199 2127 1265 2170 mos
1282 2106 1438 2191 loquendi,

337 2267 438 2326 higinio
447 2269 529 2324 aptam
539 2265 610 2312 remis
619 2263 865 2312 emmarratdihe-
914 2265 1078 2314 Tertullianus
1085 2264 1148 2325 juria
1158 2265 1229 2312 valde
1239 2265 1331 2326 peritae
1340 2265 1402 2312 libro
1412 2265 1441 2311 de

337 2341 426 2386 almeo
435 2340 469 2386 ad
478 2354 549 2400 nequ
559 2345 664 2400 tempora
671 2338 788 2385 Demetrii
794 2339 865 2384 Pha·
914 2338 1191 2400 ammorhaeum
1201 2340 1267 2399 (cap.
1279 2339 1338 2394 60):
1349 2339 1442 2386 Νανουι

339 2415 443 2472 ἱοτειιιίο,
453 2414 611 2460 subtrahendo
621 2415 688 2474 ligna
697 2419 809 2460 emutare
823 2427 864 2470 σα,
909 2415 1019 2472 procella
1029 2414 1170 2474 dissipatam
1177 2415 1285 2462 actuaria
1295 2415 1441 2472 dissolutam,

338 2491 413 2546 riusa,
422 2488 708 2546 adjiciendoaliaitaat
717 2489 865 2552 cotemnit,
914 2487 1017 2534 redactis
1031 2493 1052 2535 ct
1068 2489 1185 2534 recuratis
1201 2489 1306 2535 omnihus
1324 2489 1441 2544 mantnt,

338 2565 399 2610 ιυιάο
417 2569 440 2610 et
455 2564 583 2623 exemplum
600 2564 649 2610 hoec
665 2563 734 2609 naua
741 2563 816 2622 saeta
832 2569 865 2610 eri
914 2563 1010 2609 malem
1026 2577 1088 2623 cepe
1106 2565 1273 2622 comperimus,
1288 2564 1358 2609 etium
1373 2563 1441 2609 titulo

336 2638 485 2697 philosophie
504 2637 679 2696 dicpatenta'hna
697 2637 726 2683 de
743 2652 773 2683 ea
787 2652 863 2697 qm
913 2641 1067 2686 reetitatiom'a
1081 2641 1228 2701 gloriantem.
1262 2641 1376 2700 lntelligc
1390 2655 1441 2686 mu-

338 2713 406 2769 tione,
423 2726 475 2772 qua
491 2712 520 2758 dc
535 2712 710 2772 nequeuntibus
727 2712 824 2770 dicitur,
839 2714 866 2758 in
914 2719 987 2760 neutc
1008 2715 1096 2768 canna,
1120 2716 1241 2774 quomedo
1266 2729 1313 2760 rex
1336 2717 1441 2762 matuta

338 2800 387 2847 qua
406 2787 467 2833 hanc
485 2801 567 2832 nauem
592 2787 627 2832 ed
650 2787 735 2833 ultima
760 2793 865 2847 tempora
916 2787 1007 2850 [iunno
1031 2789 1148 2849 dissoluit]
1174 2791 1246 2836 etiam
1275 2791 1391 2836 sumenda
1414 2791 1440 2836 in

337 2860 517 2920 earudcmfiim
532 2861 654 2924 affirmant
669 2861 756 2918 115,th
771 2867 863 2923 negant,
914 2862 984 2909 Pauli
998 2863 1076 2910 verbio
1090 2864 1106 2910 l.
1122 2864 1186 2910 inter
1199 2865 1363 2924 stipulantem.
1374 2863 1439 2924 73.§

339 2935 411 2996 (Peg.
424 2939 452 2983 10
462 2935 498 2996 c.)
521 2937 550 2983 lu
561 2935 777 2983 haccontrouersia
786 2951 801 2982 a
810 2937 864 2996 phi·
915 2952 1013 2985 ueram.
1025 2941 1047 2986 ὅ.
1059 2937 1093 2986 D.
1109 2939 1139 2985 de
1154 2940 1221 2986 verb.
1232 2939 1306 2999 oblig.
1326 2940 1404 2999 quue
1414 2945 1440 2987 et

337 3011 443 3072 loeophia
458 3013 580 3058 decanta
595 3014 726 3072 prudenter
740 3013 865 3059 Juriaeon-
913 3013 978 3072 apud
986 3012 1162 3058 Tertullianum
1170 3013 1335 3072 praecedentia,
1341 3018 1366 3058 et
1375 3015 1441 3074 apud

338 3087 396 3134 culti
415 3088 520 3135 aientem
546 3093 640 3148 partem
666 3088 802 3148 praetulere.
832 3089 866 3134 Et
914 3085 1016 3132 Paulum
1031 3086 1156 3145 sequentia
1176 3087 1295 3132 evincunt.
1326 3087 1396 3133 Philo
1410 3088 1440 3135 de

338 3308 442 3358 matter
454 3302 487 3357 of
496 3302 586 3357 which
598 3319 639 3358 we
648 3303 752 3357 conciat
759 3321 767 3366 ;
779 3318 809 3356 aa
822 3301 982 3356 Heraclitus
996 3301 1065 3365 aoid,
1077 3301 1227 3372 according
1235 3307 1265 3357 to
1278 3301 1327 3358 the
1340 3309 1439 3375 quota-

338 3389 399 3443 tion
411 3388 444 3442 οἱ
452 3389 535 3442 Plato
547 3389 576 3442 in
587 3387 637 3442 the
651 3387 787 3458 Oratylm,
797 3387 854 3441 and
866 3387 974 3442 Seneca
986 3388 1015 3440 in
1026 3387 1075 3443 the
1087 3387 1176 3442 above
1188 3389 1261 3443 cited
1275 3389 1364 3460 place,
1375 3390 1439 3446 that

338 3491 380 3529 we
389 3479 492 3528 cannot
502 3471 589 3527 bathe
601 3474 680 3528 twice
689 3474 718 3526 in
731 3473 780 3528 the
789 3489 866 3527 earne
876 3473 963 3528 river:
977 3471 1067 3528 which
1079 3473 1187 3529 Seneca
1195 3474 1299 3547 rightly
1309 3482 1439 3542 correcte,

337 3560 376 3628 hy
393 3559 491 3630 eaying
509 3557 557 3613 the
575 3575 658 3614 namo
676 3559 709 3613 of
718 3558 766 3613 the
780 3559 854 3614 river
869 3559 999 3624 romaica,
1014 3559 1064 3614 the
1078 3566 1165 3615 water
1177 3576 1279 3632 paaeea
1310 3563 1348 3616 So
1361 3562 1439 3617 Arie-

338 3646 418 3710 totle,
436 3645 599 3714 comparing
612 3662 630 3699 a
643 3645 718 3700 river
732 3651 762 3700 to
781 3662 798 3699 a
815 3645 926 3717 people,
944 3662 1015 3718 τοτε,
1032 3645 1095 3700 that
1109 3647 1196 3702 rivere
1213 3662 1261 3702 are
1283 3646 1375 3702 called
1389 3648 1439 3703 the

338 3747 423 3794 same,
435 3728 544 3800 though
555 3746 616 3785 new
631 3731 750 3786 waterie
765 3732 924 3804 constantly
936 3732 1048 3803 coming
1062 3733 1100 3798 in,
1114 3733 1162 3787 old
1176 3742 1263 3786 water
1277 3733 1362 3802 going
1376 3739 1435 3789 out.

337 3817 400 3870 Nor
411 3817 434 3870 ie
445 3817 468 3870 it
479 3815 528 3870 the
539 3822 636 3887 empty
647 3832 731 3870 name
742 3817 833 3872 which
846 3819 980 3882 tamaium
995 3818 1048 3872 but
1061 3818 1124 3874 that
1135 3817 1222 3882 habit,
1237 3817 1327 3872 which
1340 3803 1438 3872 Gcnon

339 3901 444 3956 defines
459 3917 490 3956 ae
512 3918 530 3955 a
551 3903 624 3957 tata
638 3903 747 3973 holding
768 3904 809 3957 tlte
831 3905 898 3974 body
913 3905 1032 3974 together,
1046 3903 1101 3957 and
1117 3902 1209 3968 Philo,
1230 3919 1261 3956 aa
1279 3903 1438 3972 ecpiritucl

338 3988 415 4050 hond,
433 3986 489 4041 and
503 3986 594 4041 which
612 3987 661 4043 the
675 3989 773 4043 Latine
788 3988 848 4044 also
860 3989 915 4043 eall
929 3991 969 4044 tie
986 3990 1067 4060 optuit
1083 3989 1116 4043 of
1128 3987 1178 4043 the
1192 3987 1281 4057 thing.
1328 3986 1405 4042 'l'hue
1420 4005 1437 4042 a

337 4073 452 4143 People,
465 4089 495 4127 aa
511 4072 654 4143 Alphenue
667 4073 723 4127 and
738 4073 874 4129 Plutarch
885 4089 942 4145 say,
954 4075 977 4128 ie
988 4075 1128 4128 reckoned
1142 4072 1191 4127 the
1203 4088 1279 4128 eanre
1291 4088 1354 4126 now
1369 4089 1399 4128 aa
1413 4075 1438 4128 it

337 4166 399 4212 wau·
408 4175 426 4211 a
438 4157 567 4212 hundred
578 4175 659 4230 years
670 4175 732 4230 ego,
743 4159 851 4230 though
862 4175 936 4214 none
949 4159 982 4213 of
992 4159 1073 4214 thoae
1086 4158 1148 4213 who
1160 4158 1234 4212 lived
1247 4157 1316 4212 then
1328 4159 1351 4212 ie
1363 4159 1437 4216 alive

336 4259 409 4307 nou,
426 4243 466 4298 Αι
478 4245 541 4314 toop
555 4261 586 4298 aa
607 4245 665 4298 that
679 4247 849 4300 communion
866 4245 950 4298 ινῙιίοῙι
967 4245 1056 4299 malea
1067 4263 1085 4298 a
1094 4245 1186 4316 pcople
1200 4245 1258 4297 aad
1271 4244 1347 4298 binde
1360 4246 1382 4298 it
1397 4253 1437 4300 to·

335 4331 424 4400 gether
444 4331 509 4384 with
529 4331 636 4383 mutual
657 4332 738 4384 oona
750 4348 882 4400 precewee
898 4331 933 4384 ite
944 4331 1031 4400 uaity,
1045 4347 1075 4385 aa
1091 4329 1226 4384 Plutarch
1248 4347 1390 4402 expresses
1404 4332 1436 4386 it.

336 4417 401 4470 And
412 4414 501 4470 hence
510 4415 596 4470 arieea
608 4415 657 4470 the
666 4417 750 4470 mode
764 4416 798 4470 of
806 4416 949 4487 speaking,
960 4415 1023 4470 that
1034 4416 1115 4488 when
1126 4433 1167 4471 we
1178 4415 1293 4484 addreaa
1306 4415 1437 4488 apeople

335 4517 399 4556 now
405 4503 532 4572 existing,
539 4518 579 4556 we
586 4501 759 4556 attributeto
768 4502 791 4557 it
799 4500 872 4556 what
880 4501 1028 4574 happened
1038 4509 1067 4558 to
1075 4502 1206 4559 thecame
1216 4503 1322 4574 People
1329 4503 1438 4558 several
