3298 5128
170 363 240 421 Ger.
254 358 353 428 x1x.]
498 360 551 414 Diti
572 359 671 416 June
695 357 945 415 SEPULTURAE.
1211 351 1274 416 235

168 527 363 596 voluntatem
385 523 483 592 solem
504 545 571 590 esse
587 545 658 611 quae
679 523 790 592 mortis
809 522 1017 612 anticipendae
1040 522 1198 590 eonsilium
1220 525 1274 591 ab·

170 627 279 700 solvet
329 625 436 712 Atque
457 625 518 690 hue
539 624 681 690 referunt
702 624 858 690 Semsonis
879 622 1067 710 exemplum,
1093 622 1146 709 qui
1166 621 1200 689 iu
1217 645 1273 690 suo

170 747 302 814 corpore
323 746 433 792 rerem
455 723 635 813 religionem
657 722 784 791 ridebat
798 745 865 790 esse
887 722 1014 800 derisui,
1036 731 1070 789 et
1088 722 1199 803 Saulis,
1221 723 1275 809 qui

171 825 276 915 glsdio
297 824 447 901 iuouhuit,
470 845 511 889 ue
535 846 557 889 a
578 822 641 888 Dei
663 821 787 909 suisque
810 820 950 890 hostibus
973 821 1176 900 illuderetnr;
1201 844 1274 888 nam

171 926 255 992 hune
270 923 435 1012 resipuisse
451 921 562 990 volunt
580 931 742 1010 postquam
760 921 912 988 Samuelis
933 923 1045 989 umbre
1061 930 1193 988 mortem
1215 920 1274 1008 ipsi

172 1023 373 1113 predixerat,
394 1044 487 1110 qnam
505 1043 623 1111 gnarus
641 1021 701 1088 sihi
717 1020 877 1088 imminere
895 1020 922 1087 si
943 1029 1111 1110 pugnaret,
1132 1021 1274 1109 praeiium
1285 1029 1428 1116 {tenui

172 1145 231 1212 pro
247 1121 351 1210 petria
366 1131 400 1190 et
420 1120 483 1188 Dei
498 1121 569 1210 lege
590 1142 654 1187 nou
670 1119 868 1198 detrectavit,
889 1130 1040 1188 eternam
1056 1120 1129 1187 inde
1150 1120 1273 1188 leudem

173 1222 302 1290 meritus
318 1221 449 1288 Doridis
463 1221 557 1288 etism
573 1219 748 1308 praeoonios
774 1241 796 1286 a
812 1240 873 1306 quo
890 1228 924 1286 et
946 1219 969 1286 ii
984 1219 1038 1306 qui
1056 1219 1181 1286 Saulem
1204 1241 1274 1285 eum

173 1323 293 1389 honore
316 1320 511 1408 sepelierant,
529 1327 615 1388 reete
637 1319 711 1386 iacti
732 1318 940 1386 testimouium
962 1319 1147 1388 retulerunt.
1198 1320 1275 1385 Ter·

174 1421 253 1490 tium
269 1429 318 1488 est
332 1420 508 1508 exemplum
524 1418 618 1485 Bazis
634 1418 912 1508 Hierosolymitani
927 1418 1105 1485 senatoris'
1096 1441 1128 1483 ιιι
1145 1417 1275 1486 historie

174 1519 380 1588 Mercabaiea
427 1519 491 1587 Sed
515 1519 577 1586 et'
568 1542 601 1584 m
623 1519 800 1586 Christusne
824 1517 955 1584 historia
978 1517 1121 1606 exempla
1142 1517 1419 1624 legimuswmxv
1382 1531 1426 1572 ιιι·

174 1619 286 1686 similis
303 1641 419 1697 eorum,
436 1618 489 1706 qni
506 1626 637 1684 mortem
653 1617 905 1695 sihiintuierunt,
923 1578 1310 1685 *uehementissimi*

177 1718 294 1788 Christi
310 1718 492 1834 religionem
516 1718 684 1806 ejurarent,
705 1725 739 1784 et
754 1716 1003 1830 virginumque
1020 1709 1080 1782 bne
1096 1716 1275 1804 pudicitiam

174 1818 357 1886 emitterent
371 1818 532 1885 indumen
548 1817 745 1904 rejecerunt,
762 1836 840 1902 quas
859 1824 894 1882 et
908 1815 942 1882 in
958 1825 1135 1905 martyrum
1150 1837 1276 1885 censum

175 1919 323 1986 Euolesiae
342 1917 458 1986 retulit.
506 1917 569 1983 Sed
585 1917 626 1984 de
647 1917 696 1984 his
712 1923 818 1984 taumn
833 1915 927 2003 cquid
947 1913 1139 2004 Augustinus
1160 1913 1276 1982 sentiat
1288 1919 1439 2007 legigit-

176 2018 284 2086 uidere
300 2027 350 2086 est
365 2039 470 2106 operae
484 2015 628 2106 pretium.
1389 2023 1414 2052 ·⁰

178 2205 197 2239 ι.
206 2205 263 2254 psg.
272 2193 311 2240 48.
321 2193 391 2240 Tem.
404 2206 434 2240 ιι.
443 2191 493 2242 Ed.
507 2191 598 2253 anii.)
612 2195 638 2240 et
650 2189 703 2253 spi·
750 2190 820 2238 Edit.
851 2189 936 2238 Paris.
963 2189 1039 2251 1569.)
1069 2190 1229 2252 Hieronymus
1252 2190 1278 2238 in

176 2282 287 2329 gramm
298 2274 368 2316 retus
380 2268 530 2330 Arttioioyioe
539 2268 593 2315 Lib.
608 2281 649 2314 ιιι.
663 2267 702 2317 ne.
751 2266 928 2312 commentariis
937 2265 1047 2314 adfinem
1056 2265 1141 2326 capitis
1150 2266 1221 2326 primi
1231 2264 1278 2314 Jo-

177 2346 216 2392 tit.
230 2343 259 2390 de
272 2343 411 2404 licueritne,
427 2344 545 2405 incipiens
561 2341 666 2404 dxdpeb'
683 2339 704 2388 ei
752 2356 806 2390 nie:
826 2342 893 2390 Unde
903 2342 957 2388 etin
960 2343 1161 2402 peecatoribus
1170 2343 1280 2390 nonlicet

179 2419 291 2476 Mitem.
317 2419 423 2466 Narrant
433 2423 459 2466 et
468 2419 548 2466 Judeei
557 2418 669 2465 seminam
678 2417 702 2464 in
752 2417 920 2477 mihipropria
926 2417 1011 2477 perire
1018 2430 1096 2473 manu,
1106 2417 1193 2479 abspes
1203 2433 1229 2466 eo
1239 2419 1279 2465 ubi

178 2495 273 2541 nerisd
287 2500 397 2556 stuprum
406 2495 546 2556 expetitum,
556 2507 610 2540 cum
626 2507 642 2539 a
653 2506 704 2538 ιιιιι-
752 2493 852 2541 castitus
862 2494 1023 2554 periclitatur.
1049 2492 1124 2554 [Vide
1143 2508 1197 2554 quse
1218 2493 1280 2542 dini.

178 2570 226 2617 rito
233 2571 365 2632 qumsiisset
374 2585 405 2618 sn
416 2574 442 2617 et
451 2569 511 2616 mari
520 2583 598 2616 mersa
603 2579 705 2628 corpore
752 2583 806 2618 mus
820 2571 845 2616 in
861 2570 935 2618 Libro
946 2571 1040 2618 Geiiieo
1055 2571 1095 2618 De
1104 2571 1215 2620 dodrina
1224 2572 1281 2620 Μο-

179 2651 259 2693 ssrent
268 2650 438 2704 resurrectum,
444 2645 512 2705 isque
521 2643 546 2692 id
557 2644 705 2700 eiflrmssset,
753 2646 804 2693 rati
819 2645 922 2692 Peterem
931 2645 1001 2694 Eeci.
1011 2659 1063 2707 esp.
1076 2661 1116 2694 ιι.
1127 2646 1141 2708 5
1152 2649 1176 2704 i,
1186 2652 1279 2710 steeqq.

173 2721 260 2782 y'eeisse
275 2721 339 2768 sein
349 2734 422 2768 mere.
455 2719 646 2767 Christisusrnm
661 2730 705 2763 su·
753 2719 782 2767 J.
792 2718 837 2779 Β.]

180 2801 230 2842 tem
247 2795 373 2842 mulierum
393 2793 497 2855 piurima
513 2806 571 2840 sane
590 2792 706 2838 hebemus
798 2802 809 2829 ι
826 2794 892 2854 Quid
903 2794 1047 2854 Augustinus
1059 2794 1155 2855 satiat]
1173 2795 1219 2842 Cui
1235 2795 1279 2844 sd·

180 2869 297 2930 exempla
328 2869 480 2916 Feminarum
500 2867 706 2914 Antiooheusrum
754 2871 812 2918 dere
827 2870 883 2918 iicet
902 2870 1098 2930 chrysostomum
1114 2871 1139 2916 in
1156 2871 1210 2918 Gai
1224 2873 1241 2920 i.
1256 2874 1280 2920 t.

179 2947 225 2994 snb
237 2945 404 2992 Diocletisuo:
422 2942 563 3004 Sophronis
577 2943 621 2990 sub
636 2943 707 2990 Max·
755 2946 841 3006 (Tom.
852 2957 893 2993 111.
903 2957 962 3004 pag.
972 2945 1031 2998 714)
1047 2949 1072 2992 et
1083 2945 1217 2992 Concilium
1226 2945 1281 2993 Au·

180 3021 255 3078 sntio,
272 3021 298 3066 in
314 3017 500 3081 Martyroiogiis,
518 3018 620 3074 Ζοιιιιι,
637 3017 704 3078 (Lib.
755 3020 887 3066 reiiauense
897 3031 938 3065 111.
972 3018 1108 3065 Oblationes
1120 3018 1281 3080 defunctorum

180 3107 232 3142 xii.
242 3108 294 3154 esp.
304 3091 347 3154 33)
354 3094 428 3140 Sexto
439 3091 549 3139 Aurelio.
574 3091 643 3138 Alias
654 3091 708 3138 An·
756 3094 798 3155 put
811 3093 836 3139 in
848 3093 929 3153 atiquo
942 3091 1039 3139 crimin
1045 3093 1143 3152 suerint
1158 3092 1282 3150 interemti,

180 3171 303 3220 tionhensa
313 3172 357 3217 suh
372 3169 479 3217 chosroe
493 3168 562 3215 addit
575 3168 708 3228 Prosopins
755 3169 832 3228 recipi
841 3168 922 3214 debere
930 3181 1051 3224 memus,
1061 3167 1084 3214 si
1093 3172 1170 3214 tamea
1179 3182 1225 3213 ιιοιι
1235 3167 1283 3227 ipsi

181 3247 334 3293 Persicum
354 3258 383 3291 ιι.
400 3244 464 3306 (esp.
482 3242 521 3303 8.)
549 3243 644 3290 Lsudst
659 3244 708 3290 rir-
756 3242 803 3288 eibi
812 3246 907 3288 morien
918 3241 1046 3301 probentur
1053 3241 1163 3301 propriis
1175 3241 1283 3288 semibus

181 3321 259 3382 gines,
275 3333 329 3379 quse
345 3323 423 3366 morte
443 3318 558 3378 pudorem
573 3322 707 3374 servarant,
756 3319 869 3364 intsiisse.
901 3316 936 3363 Et
948 3317 1120 3378 tumenisipse
1130 3315 1282 3378 Augustinus

180 3395 326 3441 Ambrosius
334 3392 379 3454 (de
391 3391 506 3455 Virginib.
516 3391 570 3440 Lib.
581 3403 622 3438 ιιι.
633 3405 659 3452 p.
668 3392 708 3441 tn.
756 3391 812 3443 Lib.
822 3406 841 3442 1.
851 3391 880 3439 de
891 3391 994 3440 Ciuitate
1000 3391 1077 3440 Deio.
1089 3393 1133 3442 16:
1143 3393 1229 3454 Asper
1239 3393 1283 3441 boe

183 3645 227 3700 'io
247 3641 304 3699 this
329 3639 398 3715 they
417 3641 493 3698 refer
517 3641 567 3698 tha
593 3641 735 3714 exampies
756 3642 790 3698 oi
811 3642 929 3698 Samson
958 3641 1014 3697 end
1036 3642 1070 3698 oi
1098 3642 1174 3698 Saul.
1221 3641 1283 3698 The

182 3729 432 3786 tormersarrthst
450 3730 481 3783 in
497 3729 541 3784 his
560 3745 663 3801 person
684 3728 735 3784 the
753 3735 817 3784 true
838 3729 956 3799 religion
978 3744 1034 3782 was
1057 3729 1184 3784 seorned.
1223 3729 1284 3784 The

183 3816 270 3872 letter
289 3833 345 3871 ιω
366 3815 494 3871 restored
516 3821 547 3870 ιο
564 3832 583 3869 a
599 3815 676 3886 right
693 3831 754 3887 rrsy
776 3814 810 3870 oi
825 3813 963 3885 thinking,
980 3813 1055 3868 aiter
1075 3812 1125 3870 the
1146 3813 1233 3869 shade
1253 3815 1287 3869 oi

185 3901 300 3956 Samuel
320 3901 377 3956 had
394 3900 540 3973 predioted
562 3907 594 3956 to
614 3900 675 3954 him
691 3899 735 3954 his
758 3899 858 3965 death;
876 3900 932 3954 end
953 3898 1062 3970 though
1073 3899 1205 3972 hnowing
1221 3899 1285 3956 that

184 3986 241 4042 this
262 4001 318 4041 ves
339 3992 372 4040 at
399 3986 484 4052 haud,
507 3985 543 4041 he
566 3985 616 4040 did
641 3991 693 4040 not
721 3986 815 4040 reiuse
840 3992 871 4041 to
897 3984 968 4057 light
990 3985 1037 4040 ior
1063 3986 1127 4040 God
1156 3986 1213 4040 end
1240 3985 1285 4042 his

184 4077 320 4144 oouutry3
334 4071 390 4126 end
410 4072 461 4127 fell
478 4088 516 4127 on
534 4071 578 4126 his
598 4071 688 4127 srord
707 4078 739 4127 to
758 4065 842 4127 aroid
865 4071 914 4127 the
930 4071 1030 4126 insuite
1050 4072 1083 4127 oi
1097 4072 1147 4128 the
1169 4089 1283 4143 enemy:

183 4157 251 4216 thns
263 4159 408 4230 obtaining
418 4157 527 4214 eternsl
538 4159 638 4229 preire,
650 4173 721 4213 eren
734 4157 810 4212 from
821 4157 921 4213 David.
955 4155 1017 4212 The
1030 4156 1107 4212 third
1121 4158 1248 4228 exemplo
1261 4158 1286 4212 ir

184 4243 247 4300 that
261 4245 295 4300 oi
308 4245 399 4310 Resis,
414 4245 445 4298 in
459 4243 508 4299 the
528 4243 637 4316 history
651 4244 684 4299 oi
704 4243 754 4299 the
772 4243 946 4309 Maccabeos,
961 4249 978 4296 2
992 4243 1081 4298 hisco.
1096 4243 1150 4298 xir.
1168 4245 1211 4298 ti.
1250 4242 1285 4296 In

185 4330 326 4385 Christian
340 4329 448 4402 history
462 4330 530 4394 siso,
544 4345 586 4385 we
598 4330 667 4385 read
681 4330 787 4384 similer
800 4330 941 4401 exempies
956 4329 989 4383 oi
1005 4345 1122 4400 persons
1137 4327 1198 4380 who
1213 4325 1286 4381 here

184 4415 273 4471 killed
297 4414 475 4479 themesim,
494 4415 549 4470 lest
570 4416 661 4472 under
685 4415 735 4472 me
756 4431 886 4488 pressure
903 4415 937 4469 oi
952 4419 1090 4470 torments
1110 4413 1178 4484 they
1195 4410 1287 4482 might

184 4517 327 4558 renonnee
340 4501 391 4558 the
405 4501 546 4556 Christian
568 4501 701 4574 religioni
724 4501 782 4557 sud
805 4501 840 4558 of
856 4501 960 4573 virgins
982 4499 1044 4555 rho
1064 4499 1137 4554 here
1154 4497 1286 4553 drowned
