3298 5128
350 359 414 421 264
794 365 846 420 DE
868 365 1008 420 POENIS.
1327 361 1400 432 [Lm.
1410 364 1451 420 11.

187 552 324 637 gepidam
351 546 508 600 venerato
520 535 677 619 percutio.
725 532 768 597 Et
782 530 874 596 alibi:
899 554 939 597 oe
955 533 1087 615 viperas
1102 531 1230 616 quidem
1252 541 1281 594 et
1297 529 1454 606 notrices,

239 625 244 636 ’
351 645 381 698 et
400 635 432 698 si
454 655 522 719 qno
545 655 655 699 morsu
674 642 734 697 out
758 633 828 696 icto
848 641 970 706 nocent,
988 632 1204 714 effliperemus,
1221 631 1253 696 si
1268 641 1306 693 ot
1321 631 1453 715 reliquo

351 736 590 818 mansuefacere
606 753 781 819 possemus,
808 741 869 796 aut
893 732 1009 815 efficere
1033 751 1072 794 ιιι
1093 730 1185 793 oobis
1201 729 1342 813 aliisque
1360 731 1454 814 peri-

258 908 266 920 ,
351 833 423 898 culo
440 843 549 898 essent.
600 834 694 917 Ergo
718 853 758 896 ne
782 831 907 895 homini
929 829 1067 914 quiden.
1081 827 1263 894 oocehimos
1277 829 1357 910 poio
1375 849 1454 913 peo-

352 933 450 1010 covs‘t,
468 934 524 998 sed
540 953 578 997 ne
589 943 709 1016 peccet.

427 1031 451 1094 4
485 1030 548 1096 Sed
570 1051 640 1094 cum
662 1036 694 1095 st
716 1027 791 1095 fecti
808 1026 965 1115 inquisitio
981 1047 1066 1114 soepe
1082 1047 1229 1116 megnsm
1246 1024 1452 1114 diligentiam,

352 1135 386 1194 et
401 1149 504 1215 poenae
530 1129 691 1194 estimatio
713 1127 845 1194 multum
864 1125 1040 1213 prudentiae
1065 1134 1098 1192 et
1114 1125 1269 1212 equitetis
1285 1124 1454 1201 desideret,

352 1245 393 1292 ne
409 1228 483 1294 dum
500 1227 629 1315 quisque
650 1228 692 1293 de
711 1249 745 1293 se
765 1225 892 1291 nimium
908 1232 1121 1313 presumeret,
1138 1223 1207 1290 eliis
1222 1245 1284 1289 non
1298 1223 1453 1290 credenti-

352 1325 420 1403 bus,
446 1327 524 1392 rixse
551 1326 717 1403 orirentur,
744 1347 782 1391 eo
811 1324 926 1412 plscuit
954 1323 1112 1390 hominum
1134 1322 1228 1411 justis
1250 1322 1451 1389 communite-

352 1424 435 1491 tibus
459 1447 513 1492 eos
537 1425 675 1513 deligere
699 1445 777 1512 quos
799 1423 932 1510 optimos
956 1443 993 1489 ee
1015 1422 1269 1509 prudentissimos
1292 1429 1451 1508 puterent,

351 1532 407 1590 eut
435 1523 503 1590 iore
525 1533 697 1611 sperarent.
749 1523 837 1588 Idem
860 1521 1077 1588 Democritus:
1106 1518 1162 1591 οὐκ
1191 1516 1231 1591 ἂν
1254 1516 1396 1589 ἐκώλυον
1421 1527 1452 1590 οἱ

353 1620 440 1704 νόμοι
465 1619 524 1722 {pu
548 1621 693 1692 ἕκαστον
717 1616 787 1690 κατ’
823 1613 904 1689 titas
929 1617 1089 1710 ἐξουσίαν,
1114 1621 1142 1688 si
1167 1616 1213 1700 nri
1235 1616 1350 1712 ἔτερος
1374 1615 1450 1688 ἔτι·

350 1751 409 1814 ρον
447 1719 660 1804 ἐλυμαίνετο·
701 1717 826 1791 Φθόνοο
862 1716 934 1813 ‘peip
966 1714 1107 1792 στάσιος
1141 1714 1251 1812 ἀρχιὶν
1283 1714 1451 1811 ἀπειργά-

352 1818 451 1915 ζετο·
476 1845 540 1890 noos
559 1823 802 1910 prohibuissent
818 1823 930 1906 otique
956 1821 1037 1904 loyes
1058 1841 1116 1886 esto
1139 1840 1292 1905 φιοιιιᾳιιι
1308 1820 1452 1883 arbitrio

350 1923 467 1999 vivere,
493 1925 560 1989 nisi
593 1924 678 1988 altor
709 1923 850 1987 alterum
880 1921 1033 2004 offensum
1056 1920 1158 1984 iisset.
1204 1919 1341 1984 Inuidia
1365 1919 1451 1983 enim

350 2023 505 2087 seditioni
523 2023 658 2087 motitur
677 2022 854 2086 scordium.

427 2121 448 2185 5
483 2119 547 2184 Sed
572 2119 651 2185 sicut
675 2118 707 2183 in
732 2117 848 2184 ultione
866 2117 983 2183 fectum
1005 2115 1098 2181 modo
1120 2114 1265 2193 diximus,
1291 2113 1336 2181 ito.
1360 2122 1393 2181 st
1417 2113 1450 2179 in

349 2216 409 2283 hec
424 2216 466 2283 sd
482 2216 659 2305 exemplum
676 2216 837 2303 punitione
859 2223 987 2282 manent
1002 2215 1135 2306 vestigia
1150 2236 1187 2281 sc
1201 2213 1340 2301 reliquiae
1357 2213 1450 2301 prisci

349 2402 378 2434 en
388 2401 441 2448 qun
449 2385 487 2434 sui
496 2391 585 2434 notura
595 2391 649 2434 sumt
657 2385 745 2445 injusto
758 2389 780 2434 ct
792 2401 874 2435 nocere
924 2402 945 2435 ο.
956 2389 994 2435 41.

349 2461 463 2519 moneta,
478 2474 572 2520 qunque
580 2461 666 2520 impetu
682 2461 771 2520 ingenii
785 2461 823 2506 sui
831 2461 874 2520 se·
968 2463 980 2492 ⁶
994 2463 1051 2509 Non
1061 2461 1208 2524 simpliciter,
1220 2461 1261 2510 red
1271 2465 1397 2523 postquem
1408 2477 1450 2509 sn-

286 2567 290 2572 -
348 2540 433 2582 notor
445 2535 550 2581 trohtin
563 2534 673 2595 cujusque
683 2535 819 2594 psmicim,
834 2548 874 2582 oe·
924 2541 1021 2584 eusstns
1031 2543 1056 2584 st
1065 2539 1193 2585 dsmnstns
1202 2537 1282 2584 fueret
1292 2536 1449 2584 andicihus.

347 2611 426 2657 cidere
441 2611 534 2657 ratione
552 2624 598 2656 non
616 2615 690 2656 soret.
720 2609 793 2670 (Peg.
811 2609 874 2668 169.)
924 2611 1205 2661 VidsPnrnnnonrruu
1216 2617 1331 2670 nocuum,
1342 2613 1450 2660 DeJurs

348 2687 382 2732 Et
392 2686 437 2733 hoo
451 2687 562 2746 estquod
579 2686 634 2733 vult
643 2685 794 2746 Pythagoras
809 2685 874 2745 apud
924 2685 985 2735 Not.
996 2693 1018 2734 et
1029 2687 1099 2736 Geni.
1114 2688 1167 2736 Lib.
1178 2701 1236 2737 vin.
1252 2703 1305 2748 cop.
1316 2690 1339 2735 8.
1350 2687 1364 2748 ξ
1376 2690 1411 2734 13.
1422 2693 1449 2733 st

350 2761 462 2810 Ovidium
473 2762 573 2810 Μιιοιιι.
585 2774 630 2809 xr.
660 2761 819 2822 Nostruanue
831 2776 874 2821 pc·
926 2764 1090 2812 Clsrissimnm
1102 2765 1241 2812 crement
1251 2765 1276 2810 in
1286 2765 1365 2811 locum
1380 2763 1447 2810 Deu-

348 2841 421 2888 tcntio
431 2840 517 2886 lethum
529 2841 640 2900 Corpora
653 2839 726 2885 misso
741 2839 792 2885 neci
805 2838 875 2885 solra
924 2844 1002 2886 teron.
1014 2842 1045 2887 de
1054 2854 1103 2900 qno
1112 2841 1201 2901 egltnr.
1231 2839 1259 2887 J.
1269 2839 1302 2888 B.

344 2917 555 2977 pietatesntemur.
587 2913 800 2975 (Ven.1oe,109.)
972 2913 1115 2962 ¹Judicio=s
1128 2915 1185 2974 reti]
1200 2913 1409 2963 Videlidscesb.
1420 2913 1448 2962 ii.

392 2991 404 3026 ἱ
419 2992 490 3040 Illieo
504 3007 522 3038 o
530 2991 615 3053 qrsocir
628 2991 718 3036 homins
727 2994 823 3050 poterat
836 2989 874 3036 irs·
925 2993 963 3048 24,
974 2991 1010 3038 26.

348 3067 435 3128 terflci]
446 3069 518 3116 Adde
528 3069 607 3114 locum
614 3064 774 3125 Josephixn.
785 3065 816 3125 (6.
828 3063 874 3125 52.
969 3065 980 3097 ⁷
995 3065 1142 3125 Respublica
1154 3065 1258 3113 Hehrsss
1270 3063 1375 3112 nondum
1389 3068 1449 3110 tune

348 3141 400 3190 Ed.
421 3142 513 3202 Huds.)
542 3141 634 3188 Morem
652 3139 823 3186 Msimonidem
842 3139 874 3185 sd
924 3141 1040 3200 temporis
1047 3153 1144 3199 prorsus
1153 3141 1285 3188 constitute
1295 3145 1354 3198 eret,
1362 3153 1447 3200 quem-

349 3229 411 3264 1111.
428 3216 548 3273 articulos,
563 3220 589 3262 et
603 3214 736 3261 Direcooris
751 3213 813 3259 libro
829 3226 870 3260 111.
925 3214 1054 3260 edmodsms
1071 3213 1118 3260 init
1133 3218 1226 3275 portes.
1255 3215 1319 3262 Vide
1338 3213 1447 3261 eumdem

349 3465 424 3521 thiei
435 3482 468 3520 or
486 3463 597 3528 robber,
614 3463 653 3535 by
668 3462 713 3518 his
731 3461 817 3528 hsnd,
838 3464 996 3530 commend,
1018 3482 1050 3520 or
1070 3470 1144 3529 rote,
1163 3465 1186 3520 is
1204 3460 1348 3520 innoeent'
1382 3463 1449 3522 And

350 3553 459 3608 Seneca
472 3566 562 3607 seems
576 3555 606 3605 to
621 3549 692 3604 here
704 3550 830 3604 referred
842 3555 873 3604 to
887 3549 951 3605 this.
992 3547 1059 3621 [See
1071 3551 1120 3606 the
1131 3545 1283 3622 passages]

402 3642 420 3691 4
443 3637 500 3690 But
514 3637 591 3692 since
603 3635 653 3691 the
664 3637 750 3707 proof
759 3635 792 3690 oi
804 3635 853 3690 the
873 3636 932 3691 sect
951 3637 1031 3692 osten
1053 3639 1178 3708 requires
1195 3641 1277 3707 great
1296 3651 1369 3702 esre,
1391 3639 1448 3692 end

349 3721 398 3777 the
412 3722 540 3777 estimato
553 3723 586 3777 of
596 3722 778 3793 punishment
792 3721 916 3792 requires
930 3729 1010 3792 great
1024 3722 1166 3794 prudenoe
1178 3721 1233 3775 sud
1247 3728 1329 3793 grest
1342 3725 1447 3795 equity,

349 3808 544 3863 communities
563 3808 596 3862 of
613 3823 679 3862 men
699 3806 770 3862 hare
791 3806 903 3872 chonen,
921 3807 968 3862 ior
988 3808 1045 3863 this
1061 3809 1148 3874 office,
1169 3807 1249 3862 those
1271 3808 1364 3862 whom
1379 3809 1448 3880 they

348 3892 470 3963 thought
489 3898 520 3947 to
538 3892 583 3958 be,
603 3909 636 3947 or
656 3892 750 3963 hoped
769 3898 799 3947 to
814 3892 882 3958 find,
903 3891 953 3948 tho
972 3893 1036 3950 best
1055 3893 1113 3948 end
1135 3899 1209 3948 most
1231 3893 1362 3964 prudent
1407 3896 1446 3950 So

348 3978 535 4034 Democritus.

406 4071 423 4118 ὅ
456 4064 562 4118 Butes
586 4062 615 4116 in
638 4061 820 4134 punishment
841 4064 1017 4130 vindicetire,
1039 4081 1071 4120 so
1090 4065 1120 4119 in
1143 4063 1326 4137 punishment
1351 4081 1447 4120 exem·

348 4150 438 4223 plsry,
451 4147 532 4204 there
549 4150 657 4203 remsin
676 4150 794 4220 vestiges
815 4150 849 4204 oi
861 4149 911 4205 the
929 4151 1047 4221 original
1064 4149 1125 4216 lew,
1141 4151 1170 4204 in
1185 4149 1267 4205 those
1281 4151 1375 4222 pisces
1389 4151 1446 4206 end

348 4236 474 4292 between
489 4236 570 4292 those
583 4251 699 4308 persons
711 4236 773 4290 who
789 4251 837 4290 ere
857 4241 909 4290 not
929 4235 1019 4290 under
1037 4235 1111 4291 tired
1125 4235 1304 4306 judgmentss
1325 4237 1382 4290 snd
1395 4237 1449 4291 be·

347 4323 430 4388 sides,
452 4322 482 4377 in
499 4339 576 4378 some
594 4321 730 4394 exeepted
750 4337 836 4376 ceses.
883 4321 922 4375 So
940 4327 1068 4391 smongst
1083 4320 1132 4376 the
1148 4321 1269 4376 Hebrew
1283 4327 1414 4387 cnstoms,
1429 4340 1448 4376 ss

346 4407 469 4464 Hebrew
482 4407 667 4480 epoststizing
680 4407 754 4461 from
768 4407 817 4461 the
830 4412 893 4460 trus
916 4405 980 4461 (iod
997 4404 1054 4460 end
1070 4405 1181 4479 joining
1201 4407 1355 4462 idolstrous
1376 4423 1447 4461 wor-

346 4493 418 4566 ship,
436 4493 526 4564 might
541 4495 578 4549 hs
598 4497 628 4546 st
647 4508 717 4548 once
737 4497 790 4563 put
810 4497 841 4547 to
856 4489 942 4546 death
956 4491 995 4563 by
1009 4507 1065 4564 any
1079 4507 1193 4564 person.
1238 4491 1446 4560 Thenebreste
