3282 5136
368 357 431 421 156
690 368 743 422 DE
766 367 1144 424 INTERPRETATIONE.
1343 367 1415 436 [Lm.
1430 366 1469 426 11.

367 534 394 600 Ι.
442 535 461 600 1
490 534 649 690 IPSUM
673 535 727 622 qui
751 534 893 621 promisit
918 534 1017 601 solum
1040 534 1066 600 si
1091 539 1276 621 spectamus,
1303 543 1414 622 sponte
1438 536 1470 603 id

544 643 697 721 praestere
714 634 872 722 obligetur
888 634 921 699 in
938 635 1022 721 quod
1037 633 1170 722 obligari
1185 633 1292 700 voluit
1340 637 1383 699 Ia
1395 638 1470 723 fide

204 755 352 806 neeffleta
367 737 447 818 quid
471 737 608 801 senseris
633 756 697 800 οοο
724 736 804 818 qaid
829 736 954 800 deseris
979 737 1197 819 cogitandum,
1223 731 1324 819 inquit
1350 734 1467 800 Cicero.

368 833 431 899 Sed
448 833 522 918 quis
546 831 661 898 interni
685 843 773 899 actus
798 854 855 920 per
878 854 912 898 se
937 833 1121 920 spectabiles
1145 855 1208 898 non
1233 842 1315 912 sunt,
1333 840 1366 898 et
1390 834 1469 900 certi

367 931 485 1020 aliquid
502 932 702 998 statuendum
726 941 784 1009 est,
802 931 945 998 nonulla
965 931 1006 998 sit
1028 931 1186 1022 obligatio,
1205 931 1232 997 si
1253 931 1383 1019 quisque
1399 955 1469 998 sen·

366 1051 435 1098 sum
450 1053 542 1119 quem
561 1031 657 1097 vellet
678 1030 736 1097 sibi
758 1031 934 1120 effingendo
954 1031 1089 1097 liberare
1109 1053 1143 1097 es
1165 1041 1289 1118 possem
1316 1031 1384 1119 ipsa
1405 1032 1468 1098 dio-

366 1139 456 1197 tants
471 1131 607 1197 naturali
623 1129 744 1198 ratione
760 1130 813 1217 jus
835 1140 885 1196 est
905 1130 943 1208 ei,
961 1131 1011 1196 cui
1028 1130 1103 1217 quid
1120 1130 1304 1218 promissum
1319 1139 1377 1209 est,
1396 1154 1468 1219 pro-

365 1231 526 1298 missorem
542 1252 654 1320 cogere
669 1231 711 1296 ad
728 1230 760 1296 id
776 1230 860 1317 quod
876 1239 964 1296 recte
979 1230 1196 1317 interpretatio
1212 1229 1371 1319 suggerit:
1394 1253 1468 1296 nam

364 1329 482 1416 slioqui
498 1352 551 1395 res
575 1330 693 1396 exitum
718 1351 781 1394 non
804 1328 979 1416 reperiret:
1003 1329 1087 1416 quod
1103 1328 1137 1394 in
1153 1329 1321 1395 moralibus
1337 1351 1396 1417 pro
1409 1329 1467 1395 im-

365 1429 502 1515 possibili
532 1429 676 1496 habetur.
727 1429 797 1494 Hoc
825 1428 908 1494 forte
937 1451 1031 1494 sensu
1059 1451 1129 1495 oum
1158 1428 1197 1495 de
1224 1428 1323 1515 pactis
1350 1430 1467 1520 egisset

366 1529 521 1595 Isocrates
540 1527 774 1616 prescriptione
794 1527 943 1594 adversus
967 1527 1199 1606 Callimachum,
1215 1523 1336 1618 τούτῳ,
1356 1529 1464 1616 inquit,

368 1623 451 1718 νόμῳ
470 1629 561 1716 κοινῷ
585 1622 707 1700 πάντες
724 1620 890 1720 ἅνθρωποι
908 1619 1122 1707 διατελοῦμεν
1138 1623 1309 1722 χρώμενοι,
1326 1636 1362 1695 ut
1378 1638 1466 1695 recto

365 1748 436 1792 eum
461 1727 562 1792 locum
588 1726 765 1793 emendarit
794 1726 845 1794 vir
869 1725 1118 1792 eminentissime
1141 1727 1323 1794 eruditionis
1352 1729 1465 1794 Petrus

365 1826 480 1904 Faber,
499 1827 580 1893 1Ιιιιο
606 1829 671 1912 lege
692 1830 852 1892 communi
876 1827 1019 1893 homines
1044 1829 1131 1892 inter
1150 1849 1208 1895 nos
1228 1841 1384 1913 perpetuo
1400 1831 1465 1894 oti-

364 1949 451 2005 mur,
469 1948 527 1992 nec
545 1927 647 1994 Grseci
669 1935 800 2005 tantum,
819 1925 875 1992 sed
900 1933 933 1993 et
955 1926 1099 2004 Barbari,
1121 1933 1157 1992 ut
1178 1927 1270 2014 paulo
1291 1937 1366 1994 ante
1382 1921 1466 1994 idem

364 2025 497 2092 dixerat
1003 2023 1006 2028 “

441 2128 461 2191 2
496 2126 568 2190 Huc
590 2124 667 2190 illud
689 2123 825 2211 pertinet
849 2123 882 2189 in
904 2125 1033 2213 antique
1057 2125 1198 2192 foderum
1223 2124 1356 2191 formula
1379 2125 1465 2211 apud

363 2223 506 2291 Livium:
534 2225 616 2290 Sine
632 2225 706 2290 dolo
722 2224 810 2289 malo
833 2225 962 2309 ‘utique
979 2249 1018 2292 ec
1034 2227 1088 2292 tic
1112 2227 1207 2292 bodie
1223 2227 1398 2292 rectissime
1414 2227 1465 2290 io-

407 2379 415 2412 ¹
433 2385 463 2428 ln
473 2385 527 2429 toto
538 2382 585 2428 isto
596 2381 683 2442 Ceplte
697 2385 815 2443 perpetuo
829 2397 887 2429 eon·
983 2385 994 2420 δ
1008 2386 1066 2433 Noa
1081 2387 1238 2448 gramatice
1254 2399 1308 2447 quse
1320 2391 1355 2433 εει
1369 2400 1398 2432 ec
1412 2387 1463 2432 ori·

360 2461 474 2506 terendus
495 2459 664 2506 Pursrrnosr.
684 2460 724 2506 Dc
745 2459 809 2506 Jure
824 2459 887 2508 Νοι.
936 2459 1002 2522 eins]
1019 2462 1086 2509 Bene
1100 2461 1232 2522 Procopius
1246 2461 1429 2508 Vauduls'oomm
1443 2463 1463 2510 1.

361 2539 384 2582 et
395 2535 463 2584 Gertt.
476 2527 562 2600 ..ι
572 2537 671 2596 esp-12.
681 2548 736 2581 oum
746 2535 818 2600 Notis
829 2549 885 2582 nos-
937 2537 979 2582 ubi
997 2537 1028 2584 ds
1047 2551 1106 2584 roos
1130 2537 1183 2596 egit
1201 2537 1387 2584 Fedsrstornms
1415 2537 1463 2582 τοῦ

360 2611 413 2658 tris.
442 2611 471 2657 J.
481 2611 515 2659 Β.
937 2609 1275 2672 χρόνοντᾰεπροσηγοριαε,
1296 2609 1337 2670 ἐφ’
1351 2609 1385 2657 εἶν
1405 2610 1462 2658 *rill-

403 2691 414 2717 ¹
432 2685 519 2744 Utique
531 2697 561 2729 ea
570 2683 609 2729 Ῑιίσ
623 2682 692 2729 hodle
705 2682 832 2730 redt'm'm
846 2682 885 2728 t'n-
937 2701 1025 2743 εινται,
1036 2685 1129 2739 ἥκιστα
1140 2686 1271 2746 ἀξιοῦντος
1281 2691 1377 2746 τηρεῖν.
1392 2685 1463 2734 ἄλλο’

360 2756 452 2805 tellecta
471 2754 537 2818 sunt]
559 2756 625 2803 Vota
648 2756 835 2816 interpretenda,
856 2760 885 2803 ub
936 2762 989 2807 τῶν
1010 2760 1173 2821 πραγμάτων
1195 2761 1236 2808 a'el
1259 2761 1462 2823 περιφερομένων

359 2831 519 2878 communiter
533 2835 668 2888 sumuntur,
684 2834 770 2876 notem
788 2831 885 2878 Hebrssi
935 2833 1042 2894 ᾖταῦτα
1051 2835 1125 2895 ἄγειν
1134 2835 1263 2883 ἐθέλουσιν
1271 2835 1462 2895 ἅνθρωποιτῶν

359 2908 475 2958 thum.
485 2921 541 2956 xxx.
935 2909 1047 2969 πρόσθεν
1069 2909 1250 2970 ω’νορασμένιιν
1271 2911 1463 2972 ὀλιγωροῦντες·

404 2983 415 3012 ¹
431 2981 885 3044 Inopsressmsstrium,1.ib.r.oep.
935 2983 1021 3044 Longa
1038 2984 1089 3030 dies
1103 2999 1149 3030 noa
1168 2985 1226 3031 rotet
1239 2998 1335 3034 mare
1350 2999 1417 3032 ceses
1436 2986 1462 3031 ιιι

359 3058 484 3109 Lindus.
514 3059 587 3108 Η.
935 3058 1462 3122 φιιιιιιρτίιιιιιιιιᾶαιιιιιιιιεειιιιιεοινιιοι·

634 3325 771 3380 Onrrrns
785 3325 864 3381 XVI.
905 3325 950 3400 Os
960 3323 1179 3396 Iseo-protetioc.

415 3427 439 3482 1.
478 3433 492 3482 1
516 3425 598 3482 Ifwe
617 3427 725 3499 merely
742 3427 871 3482 consider
883 3425 943 3480 him
963 3425 1024 3481 who
1038 3425 1089 3480 hes
1104 3425 1255 3498 promised,
1269 3423 1345 3480 heis
1362 3421 1458 3480 bound

361 3519 392 3568 to
410 3513 543 3586 perform,
563 3512 682 3568 without
696 3511 878 3584 compulsion,
898 3511 960 3566 thet
975 3518 1006 3566 ιο
1022 3511 1112 3566 which
1130 3511 1237 3567 hewse
1252 3511 1357 3581 willing
1370 3517 1401 3565 to
1420 3509 1457 3564 be

360 3598 464 3653 bound
508 3599 545 3652 In
561 3600 631 3670 good
637 3599 724 3668 saith,
738 3600 810 3652 what
825 3615 881 3669 you
895 3599 1012 3670 thought,
1027 3607 1074 3652 aot
1093 3599 1166 3653 what
1182 3616 1239 3670 you
1257 3597 1364 3660 scidis
1382 3605 1409 3650 ιο
1428 3596 1458 3649 bs

360 3685 518 3748 comodered,
532 3701 595 3756 says
616 3685 722 3740 Cicero.
760 3685 818 3738 But
837 3683 957 3739 because
971 3685 1094 3739 internsl
1108 3691 1168 3740 sets
1183 3685 1216 3739 of
1227 3681 1393 3740 themselves
1407 3695 1457 3735 are

359 3775 411 3824 not
425 3785 462 3823 sn
474 3769 567 3839 object
579 3770 612 3824 of
626 3787 714 3835 sense,
729 3771 785 3824 and
798 3786 877 3824 some
889 3771 997 3825 certain
1011 3770 1073 3825 rule
1092 3775 1167 3825 must
1181 3771 1217 3824 be
1229 3766 1407 3830 established,
1426 3767 1456 3820 in

359 3855 443 3910 order
457 3853 520 3909 thet
532 3855 698 3926 obligations
710 3873 775 3928 may
789 3855 888 3910 nothe
901 3856 1064 3921 frustreted,
1079 3872 1109 3911 es
1124 3854 1191 3926 they
1203 3853 1293 3924 might
1307 3853 1351 3918 be,
1366 3852 1392 3906 if
1400 3869 1457 3924 sny

358 3956 422 4004 one,
438 3939 476 4012 by
487 3941 656 4012 pretending
672 3957 728 4012 any
747 3957 829 3996 sense
846 3941 880 3996 oi
890 3941 934 3997 his
952 3941 1042 3996 words
1057 3940 1147 3995 which
1161 3939 1198 3995 hs
1212 3939 1296 3995 chose
1310 3945 1342 3994 to
1356 3938 1457 4009 essign,

359 4026 442 4080 could
456 4026 517 4080 free
531 4023 660 4091 himself3
681 4027 793 4081 netural
804 4043 905 4082 reason
920 4027 1038 4082 dictales
1057 4027 1120 4082 thet
1138 4025 1214 4081 whst
1232 4027 1256 4081 is
1270 4025 1412 4099 promised
1426 4031 1457 4078 ιο

358 4128 414 4184 sny
426 4127 488 4176 one,
497 4111 620 4182 compels
629 4110 678 4166 the
688 4113 826 4183 promiser
837 4118 867 4168 ιο
879 4111 941 4168 thet
952 4112 1043 4167 which
1055 4130 1073 4168 s
1083 4113 1160 4184 right
1171 4112 1385 4185 interpretation
1394 4128 1458 4181 sug-

357 4203 446 4270 gests3
457 4197 503 4251 lor
510 4196 656 4252 otherwise
665 4197 714 4252 the
722 4204 826 4253 mutter
835 4199 926 4254 would
935 4199 1006 4253 have
1015 4215 1052 4254 no
1062 4199 1248 4255 determinate
1257 4198 1357 4264 result;
1368 4195 1459 4250 which

358 4285 387 4338 in
400 4284 490 4338 morel
501 4289 617 4338 matters
629 4282 652 4338 is
664 4282 731 4338 held
742 4290 772 4338 to
785 4284 821 4339 be
834 4284 1003 4356 impossible.
1032 4284 1159 4356 Perhaps
1171 4285 1195 4340 it
1203 4302 1259 4340 was
1271 4285 1300 4338 in
1310 4282 1368 4338 this
1379 4297 1460 4337 sense

357 4369 421 4425 thet
439 4370 584 4434 Isocrates,
603 4369 725 4440 treating
740 4369 773 4425 of
786 4377 874 4440 psots,
888 4370 976 4441 spohe
990 4369 1023 4423 of
1039 4371 1079 4425 tte
1099 4388 1221 4425 common
1240 4371 1300 4427 nale
1318 4369 1403 4424 rotet
1419 4367 1460 4420 cll

357 4457 466 4511 observo.
513 4455 552 4510 So
565 4455 651 4527 hivyt
673 4455 729 4511 sice
742 4455 802 4510 dolo
816 4455 889 4510 molo
903 4455 1043 4511 intellecta.

419 4547 436 4595 2
458 4538 519 4596 The
532 4557 660 4596 measure
673 4541 706 4596 of
721 4541 795 4611 right
810 4540 1035 4612 interpretation,
1047 4541 1070 4596 is
1085 4539 1134 4596 the
1146 4555 1279 4615 purpose,
1290 4555 1322 4594 es
1335 4534 1460 4591 inferred
