3282 5136
302 319 366 382 13l
514 327 567 382 DE
589 327 808 382 FEDERIBUS
830 324 879 382 Ac
902 325 1193 382 SPONSIONIBUS.
1280 326 1354 396 [mu
1368 331 1407 387 11.

301 488 449 577 tendique
461 487 562 577 juris:
589 511 701 577 nempe
723 510 764 555 ne
787 486 885 555 servis
910 487 1119 554 Macedonum
1143 488 1228 574 epnd
1250 512 1284 556 se
1301 493 1408 578 perfu.

301 590 387 679 ginm
405 598 495 656 esset.
549 590 621 655 Hoc
638 611 737 678 genus
752 596 854 654 totum
867 587 1104 653 conventionum
1123 587 1227 655 Groeci
1243 590 1349 659 stricte
1365 594 1409 661 ei-

301 684 400 783 ρήνηυ
416 698 538 768 vocent,
556 697 589 755 et
610 695 772 775 opponunt
791 679 958 763 cronicis,
975 694 1011 753 ut
1031 694 1098 753 tum
1119 686 1192 753 olibi
1218 687 1325 756 videre
1349 701 1407 769 est,

265 821 268 832 ·
302 797 371 856 tum
387 787 420 854 in
437 787 578 856 cretione
593 786 763 854 Andocidis
779 786 820 852 de
836 807 912 873 pace
928 807 999 852 cum
1016 785 1268 854 anedaemoniie.

379 889 436 956 VI.
478 891 497 954 1
534 885 761 954 conventiones
782 907 854 971 quae
873 884 938 974 juri
961 892 1084 950 nature
1105 885 1221 972 aliquid
1247 888 1407 975 adjiciunt,

304 995 361 1054 eut
377 986 512 1074 equales
528 994 611 1063 sunt,
628 995 684 1053 eut
705 985 883 1070 inequales.
934 977 1107 1069 iAEquales
1123 995 1196 1051 eunt
1212 1007 1283 1073 quae
1300 989 1409 1056 utrim-

305 1107 368 1174 que
382 1087 491 1153 eodem
513 1086 605 1152 modo
629 1107 663 1150 se
679 1085 798 1150 habent
820 1081 855 1152 ui
878 1086 957 1154 iocis
981 1082 1035 1151 uui
1060 1086 1169 1154 κοινῶς
1193 1080 1231 1154 ἐν
1255 1082 1410 1183 α’μφοτὲ·

306 1215 371 1279 ρυις
396 1180 527 1281 ἔχουσι,
545 1193 582 1252 ut
607 1187 760 1252 Isocrates
784 1182 817 1248 in
843 1182 1040 1271 Panegyrico
1065 1182 1222 1269 loquiturz
1247 1207 1310 1273 quo
1331 1187 1410 1256 illnd

306 1286 431 1376 Vogilii
447 1285 584 1374 pertinet
600 1287 698 1371 (AErt
715 1304 775 1350 xil.
792 1285 869 1360 190,
887 1283 970 1366 191)
987 1306 996 1349 2

479 1405 541 1460 Nec
554 1403 624 1459 mihi
639 1419 727 1474 regne
740 1408 816 1476 peto,
827 1401 943 1475 peribus
956 1401 1006 1457 sed
1020 1401 1130 1474 legibus
1143 1403 1241 1460 ambas

479 1491 601 1546 Invictos
615 1496 714 1562 gentes
728 1495 836 1544 eterne
846 1489 876 1543 in
890 1488 989 1544 federe
1002 1488 1123 1545 mittum.

308 1597 411 1665 Graeci
427 1596 503 1664 istas
519 1605 632 1662 vocant
648 1595 740 1661 modo
756 1590 917 1675 συνθήκας
932 1593 1122 1681 simpliciter,
1140 1594 1232 1661 modo
1247 1595 1408 1680 συνθήκας

306 1693 364 1768 ἐπὶ
393 1696 452 1794 ἴσῃ
485 1694 538 1766 καὶ
572 1692 679 1784 ὁμοίᾳ,
708 1702 745 1760 ut
772 1693 857 1782 apud
891 1692 1078 1780 Appianum
1101 1702 1134 1759 et
1169 1695 1407 1783 Xenophontem

306 1797 414 1864 videre
437 1805 494 1872 est,
527 1796 585 1862 hes
617 1793 718 1882 magis
748 1791 875 1880 proprie
899 1785 1049 1869 σπουδὰς,
1072 1800 1106 1859 et
1130 1804 1284 1880 quatenus
1308 1797 1409 1863 minus

306 1896 418 1985 dignos
439 1894 608 1982 respiciunt
630 1889 894 1985 προστάγματα,
920 1899 976 1959 eut
1003 1887 1165 1972 συνθήκας
1186 1891 1223 1963 ἐκ
1247 1898 1315 1963 τῶν
1336 1892 1410 1965 ἑτι-

306 1992 505 2086 ταγμᾶτωυ,
534 2016 611 2081 ques
641 1993 887 2058 ⁵Demosthenee
916 1990 948 2056 in
977 1991 1117 2057 oratione
1146 1993 1186 2058 de
1215 1994 1409 2061 Rhodiorum

305 2095 453 2162 libertate
467 2093 632 2183 fugiendos
653 2092 700 2158 sit
721 2091 771 2156 his
792 2089 846 2178 qui
868 2090 1045 2158 libertatem
1063 2100 1178 2168 ament,
1197 2093 1271 2180 quie
1286 2096 1328 2161 sd
1344 2117 1410 2161 ser-

306 2193 436 2264 vitutem
454 2193 604 2260 accedent
620 2189 770 2279 proxime.

383 2294 404 2358 2
439 2291 611 2377 Utriusque
632 2288 717 2354 modi
735 2287 844 2355 federe
864 2295 920 2354 eut
936 2287 1021 2375 pecis
1037 2296 1093 2355 eut
1108 2289 1264 2358 societatis
1280 2291 1410 2381 alicujus

306 2392 386 2459 liunt
401 2413 502 2458 cause.
548 2388 698 2477 AEquulie
720 2387 813 2476 pecie,
831 2394 867 2454 ut
890 2409 960 2475 qum
982 2387 1024 2454 de
1047 2388 1249 2457 restituendis
1268 2393 1409 2480 captivis,

350 2565 567 2628 Ι*Αΐφισὶυννυυῌ
584 2565 832 2614 Sicl'liniuel’srthoe
881 2563 1021 2612 Archidem.
1057 2565 1096 2612 En
1113 2566 1166 2626 lpeu
1184 2568 1270 2616 verbm
1296 2569 1349 2617 Kal
1367 2587 1410 2618 σοι

305 2643 508 2704 dicumflcythie
518 2657 548 2690 ex
557 2655 627 2702 eiquo
637 2642 732 2702 degere.
754 2639 833 2701 (ffel.
882 2639 932 2699 χρή
941 2639 1178 2701 τοῠςβυυλυμένυνς,
1187 2641 1328 2704 ἐλευθέρους
1336 2647 1409 2706 εἶναι,

305 2717 366 2766 Nar.
376 2731 413 2764 vl.
423 2716 474 2776 25.)
499 2716 628 2777 Pompeius
637 2716 701 2776 epod
708 2716 832 2763 numum
881 2713 928 2761 τθς
937 2714 989 2772 μὲν,
1000 2715 1028 2760 ἐκ
1035 2716 1088 2761 τυίν
1098 2715 1282 2776 ἐπιταγμάτων
1289 2720 1410 2777 συνθήκας

306 2793 430 2840 decedent
441 2791 584 2862 Perthprum
594 2795 667 2852 gente
677 2791 749 2851 (mr.
759 2791 832 2850 232):
882 2788 1034 2848 perimentis
1043 2788 1120 2848 δγγυυ
1128 2791 1242 2839 δουλείας
1250 2795 1333 2841 οὖσαν.
1346 2796 1407 2857 Psg.

504 2865 564 2906 eolus
882 2862 927 2910 lto
942 2875 965 2909 o.
995 2861 1091 2910 Edit
1104 2862 1185 2924 Steple.
1217 2867 1334 2916 Contudit
1344 2873 1411 2917 Auo.

881 2940 929 2994 tor,
944 2937 997 2984 ideo
1008 2938 1074 2997 quod
1083 2938 1107 2983 in
1122 2939 1221 2987 lnudets
1231 2943 1348 2991 Oratione
1358 2947 1409 2992 De·

351 3008 362 3040 ⁶
377 3009 455 3056 Immo
465 3009 533 3056 locus
545 3007 586 3056 ille
601 3013 639 3057 est
649 3010 792 3066 Incensus,
807 3007 833 3054 ln
882 3011 1015 3058 mosthenis
1031 3011 1123 3072 eliquid
1140 3012 1233 3074 legerat
1254 3016 1285 3062 de
1300 3018 1410 3078 Rhodiis,

224 3245 226 3250 ⁵
305 3257 414 3330 change
430 3257 463 3313 ol
478 3257 584 3328 rights3
600 3256 722 3328 nemely,
736 3256 799 3312 thet
818 3257 887 3331 they
901 3255 1001 3314 should
1020 3263 1072 3314 not
1090 3257 1131 3314 let
1151 3257 1200 3312 the
1220 3253 1409 3311 Macedonian

305 3344 395 3399 eleves
413 3343 472 3398 liud
492 3360 511 3397 e
527 3341 626 3413 refuge
642 3359 746 3414 emong
764 3341 851 3398 them.
887 3342 949 3399 The
964 3343 1054 3399 whole
1074 3343 1107 3400 of
1125 3342 1181 3399 thie
1201 3343 1272 3398 close
1291 3341 1325 3396 ol
1341 3357 1408 3396 con·

304 3428 434 3486 sonticus
447 3427 495 3482 the
508 3426 595 3483 Geuls
610 3427 665 3483 cell
682 3429 775 3494 Peme,
786 3429 843 3484 und
855 3445 960 3502 oppose
972 3437 1002 3485 to
1017 3431 1109 3486 Tricce.
1140 3430 1195 3485 See
1207 3427 1374 3484 Andocides.

360 3514 411 3568 VI.
458 3519 472 3567 1
501 3514 690 3569 Contentions
710 3513 801 3570 which
819 3514 876 3569 odd
896 3516 1056 3588 somethIng
1078 3523 1109 3572 to
1126 3513 1248 3572 Neturnl
1269 3514 1337 3568 Lew
1357 3529 1410 3570 cre

304 3599 397 3656 either
414 3599 497 3670 equel
515 3615 547 3655 or
566 3599 695 3671 unequnl.
740 3600 833 3656 Thoee
849 3617 899 3656 ere
914 3602 1006 3673 equel,
1028 3601 1120 3658 which
1136 3602 1206 3658 beor
1225 3599 1337 3672 equally
1350 3599 1409 3654 und

304 3685 464 3756 commonly
479 3685 598 3741 onboth
612 3687 767 3758 perticum
782 3687 920 3742 Isocrmes
932 3703 1002 3760 snys.
1040 3688 1189 3758 SoVirgil.
1227 3685 1409 3742 TheGreelrs

304 3769 471 3840 distinguieh
480 3771 558 3826 them
564 3771 774 3844 fromUnequel
779 3773 930 3845 compacte
938 3774 994 3828 end
1005 3774 1195 3829 conventione
1203 3773 1236 3828 ol
1243 3771 1408 3834 commend,

304 3855 394 3911 which
407 3873 455 3911 ere
467 3857 522 3912 lese
537 3857 681 3928 dignified,
698 3859 763 3925 end,
776 3874 807 3913 ee
821 3858 1027 3915 Demosthenes
1044 3876 1116 3932 ceys,
1134 3865 1164 3915 to
1185 3859 1220 3915 be
1235 3857 1354 3914 evoided
1369 3856 1409 3931 by

303 3940 386 3998 those
399 3941 462 3998 who
475 3943 537 3999 lore
548 3943 659 4017 liberty,
675 3960 706 3999 ee
717 3944 908 4016 eppmeching
923 3951 953 4000 to
968 3944 1118 4002 servitude.

361 4033 378 4082 2
401 4027 590 4084 conventione
610 4029 643 4083 of
661 4029 732 4085 both
754 4030 837 4085 kinds
857 4047 906 4086 ere
924 4031 1007 4086 mede
1024 4031 1071 4086 for
1088 4046 1176 4103 peace
1195 4046 1230 4084 or
1248 4044 1327 4084 some
1345 4027 1409 4082 elli·

303 4129 389 4168 enoc:
411 4111 493 4185 cqucl
508 4115 622 4170 treetiee
637 4115 670 4170 ol
684 4132 771 4187 peace
786 4133 835 4171 ere
847 4115 927 4172 those
941 4116 1031 4173 which
1044 4117 1178 4190 stipulute
1189 4115 1364 4170 restitutione
1378 4113 1412 4168 of

304 4201 427 4272 captives
448 4200 505 4254 end
524 4206 654 4273 ceptnres
675 4217 713 4257 on
730 4200 799 4257 both
825 4203 908 4269 sides,
931 4203 987 4258 end
1015 4203 1124 4258 mutuel
1141 4202 1273 4272 securlty.
1316 4199 1409 4272 liquet

304 4287 419 4342 treeties
431 4286 465 4341 of
480 4286 598 4342 ellience
617 4286 709 4342 either
725 4289 838 4360 pertnin
853 4294 884 4344 to
898 4305 1064 4354 commemo,
1075 4306 1109 4345 or
1126 4295 1157 4344 to
1169 4287 1288 4344 allionoe
1301 4285 1332 4340 in
1343 4301 1409 4351 wer,

304 4387 337 4426 or
351 4379 382 4426 to
393 4372 475 4428 other
486 4377 612 4428 metten.
657 4373 751 4445 Equel
763 4375 877 4430 treeties
892 4391 929 4430 on
943 4375 993 4430 the
1007 4376 1116 4445 subject
1130 4374 1163 4430 oi
1175 4387 1332 4429 commerce
1343 4387 1409 4442 moy

303 4455 340 4520 be
352 4459 471 4525 serious,
489 4460 535 4517 for
549 4459 683 4527 instence,
698 4460 760 4516 thet
774 4477 811 4516 no
826 4461 931 4533 impert
945 4461 1037 4518 duties
1051 4459 1088 4518 be
1099 4460 1165 4536 pald
1179 4476 1217 4516 on
1233 4457 1326 4516 either
1339 4455 1409 4522 side,
