3282 5136
354 340 396 402 90
720 345 772 398 DE
795 342 1087 407 JUREJURANDO.
1326 341 1400 410 [Lm.
1415 343 1456 399 11.

354 507 502 574 dixerant
519 505 719 574 Gebconitis:
737 509 900 593 fortassis
926 509 963 572 ire
991 508 1096 573 medio
1123 506 1187 572 mei
1212 507 1356 586 habitae,
1382 531 1459 592 prco-

354 610 448 674 modo
478 619 581 672 tecum
604 607 823 692 paciscerer?
853 606 936 671 hunc
967 605 1086 672 hebere
1118 625 1243 672 sensum
1274 614 1388 694 potest,
1421 615 1460 674 ut

355 706 591 794 interrogentur
613 705 796 772 Gabaonitae
820 705 913 791 qusle
932 712 1056 791 psoium
1079 703 1269 782 desiderent,
1286 705 1399 772 sociule
1415 727 1459 772 an

354 804 538 882 deditionis;
562 803 737 870 autetiam
764 811 800 870 ut
824 803 990 870 ostendent
1016 803 1148 869 Hebreei
1173 803 1291 870 licitum
1314 803 1458 871 sibinen

355 925 423 968 esse
451 925 520 968 cum
544 903 727 989 quibusdem
752 901 875 989 populis
899 902 1002 968 ioedus
1023 901 1102 967 inire
1127 901 1259 968 socisle:
1284 925 1347 968 non
1363 902 1458 969 etism

354 1011 392 1070 ut
418 1009 536 1090 negent
564 1001 750 1068 dedentibus
778 1023 813 1066 se
839 1001 936 1067 vitem
962 1000 1096 1087 relinqui
1125 1021 1227 1088 posse.
1273 1003 1342 1066 Lex
1373 1001 1458 1067 enim

356 1100 472 1178 divine,
500 1122 571 1188 quoe
601 1121 655 1166 eos
685 1099 816 1187 populos
842 1099 1045 1166 internecioni
1075 1101 1259 1177 devovebat,
1288 1105 1351 1165 ¹²eu
1377 1100 1458 1188 legis

192 1211 333 1250 ”tutudi
357 1199 485 1265 ulterius
502 1199 731 1286 comparatione
754 1199 799 1264 its
824 1207 894 1265 eret
911 1197 1123 1286 intelligendo,
1142 1205 1178 1263 ut
1200 1197 1301 1264 locum
1323 1198 1458 1264 heberet

193 1407 236 1446 Jcc.
246 1405 267 1444 11.

357 1297 416 1362 nisi
433 1298 530 1384 siqui
546 1296 654 1363 moniti
676 1297 782 1362 stetim
803 1296 944 1362 iacerent
968 1297 1132 1384 imperate.
1186 1297 1279 1374 Quod
1295 1296 1379 1363 inter
1395 1296 1459 1363 slis

357 1397 470 1482 probat
490 1396 621 1462 historie
637 1396 789 1472 Rahsboe,
805 1395 871 1460 ⁰cui
889 1396 929 1462 ob
946 1397 1026 1462 benc
1044 1395 1157 1462 meritc
1173 1395 1327 1482 parcitum
1343 1403 1402 1473 est,
1421 1402 1455 1462 οι

195 1503 297 1553 toccu·
308 1503 337 1543 ⁹¹·
358 1494 540 1572 Solomonis,
558 1494 612 1581 qui
632 1495 859 1562 cmmaeorum
882 1494 1030 1580 reliquias
1047 1495 1105 1560 sub
1120 1494 1285 1582 imperium
1300 1515 1338 1562 cc
1354 1493 1457 1561 tribu·

190 1711 220 1749 xi.
230 1711 258 1757 lt,
265 1712 293 1752 ὓ).

357 1601 424 1658 tum
441 1594 569 1681 occepit.

432 1695 453 1757 3
500 1696 606 1780 Atque
630 1693 692 1758 huc
713 1692 851 1780 pertinet
869 1693 954 1779 qnod
970 1691 1003 1758 in
1022 1693 1047 1757 J
1048 1713 1132 1758 osuae
1148 1689 1229 1757 libro
1246 1692 1369 1770 dicitur,
1385 1691 1455 1758 nul-

355 1790 417 1857 lsm
439 1790 535 1858 inisse
557 1791 714 1859 civitatem
737 1814 777 1858 ex
802 1791 924 1878 populis
948 1799 1067 1878 septem
1097 1812 1167 1877 quae
1192 1813 1300 1878 pscem
1324 1791 1456 1870 iecerit3

356 1890 525 1957 obduratos
547 1891 628 1956 enim
653 1913 694 1957 ne
717 1890 822 1979 gretie
847 1890 908 1956 illis
927 1891 1028 1960 fieret.
1080 1890 1188 1968 Quare
1212 1912 1282 1956 cum
1308 1889 1457 1956 credibile

354 1997 446 2069 esset,
472 1989 499 2055 si
522 2011 589 2055 rem
616 1989 715 2076 ipsam
735 1989 919 2056 Gabaonitae
945 1989 1140 2066 indicassent,
1165 1989 1249 2075 quod
1275 2010 1342 2076 prm
1370 1998 1457 2055 metu

355 2109 418 2153 non
433 2088 584 2164 fecerunt,
602 2096 708 2155 tamen
728 2087 825 2154 vitum
847 2088 965 2154 solvam
986 2089 1044 2153 sub
1059 2087 1192 2174 parendi
1208 2086 1384 2154 conditione
1400 2087 1457 2152 im·

355 2193 535 2272 petrsturos
551 2185 655 2263 subse,
674 2184 773 2251 veluit
794 2185 1024 2272 jusjurandum,
1042 2186 1121 2252 sdeo
1144 2185 1280 2273 quidem,
1302 2195 1339 2252 ut
1361 2194 1394 2252 et
1416 2186 1457 2252 de

398 2349 411 2375 ¹¹
432 2342 474 2388 Ee
492 2342 551 2402 lepis
571 2343 672 2389 citerim
687 2339 876 2402 comparatione]
930 2356 977 2403 quc
987 2346 1097 2403 tempore
1107 2325 1248 2404 superstites
1257 2344 1331 2392 inisse
1344 2358 1373 2392 ex
1383 2357 1456 2392 evcn-

354 2415 409 2462 lmo
422 2421 447 2463 et
464 2429 494 2462 ex
511 2429 582 2462 censs
598 2416 648 2476 legi
665 2416 695 2462 ds
716 2417 879 2462 internecione
929 2417 994 2477 gello
1003 2422 1105 2477 spperet
1114 2417 1202 2464 Metth
1212 2418 1261 2466 viii.
1271 2420 1309 2466 28.
1324 2432 1379 2465 nem
1390 2420 1415 2465 hi
1425 2421 1456 2467 ch

351 2490 441 2537 additu
452 2488 532 2536 Exodi
538 2490 605 2536 xxiii.
612 2493 650 2536 33.
662 2488 738 2535 Dent.
745 2491 786 2537 vii.
794 2492 818 2537 4.
827 2504 878 2537 ces-
929 2491 998 2538 initio
1007 2505 1033 2539 se
1042 2492 1196 2539 dediderant:
1209 2492 1264 2539 ideo
1274 2495 1419 2540 omittuntur
1430 2495 1456 2540 in

351 2569 390 2610 set
399 2565 463 2610 enim
474 2577 502 2610 es
516 2577 588 2610 muse
601 2563 626 2609 in
638 2563 686 2609 iliis
698 2564 740 2623 qui
756 2569 879 2625 precepto
930 2565 1033 2612 bostium
1051 2567 1238 2616 enumeratione.
1268 2567 1342 2615 Dent
1359 2581 1399 2614 xz
1414 2570 1453 2617 17.

350 2636 454 2682 filiorum
463 2636 522 2682 lices
532 2636 673 2696 suscipiunt,
681 2639 707 2682 et
717 2636 809 2683 mibnts
817 2651 877 2696 pen-
929 2639 982 2686 Jos.
992 2641 1025 2686 ix.
1036 2643 1060 2686 1.

350 2711 419 2758 dunt.
449 2711 490 2756 Its
500 2711 668 2764 Msirnonides,
682 2711 817 2757 etflsmson
828 2713 878 2758 Mi·
974 2723 987 2758 t
1002 2713 1155 2775 Ambrosius]
1171 2714 1211 2762 De
1223 2715 1323 2778 Officiis,
1333 2729 1374 2763 ιιι.
1385 2731 1407 2764 c.
1418 2718 1454 2764 10.

351 2785 876 2846 ωήοιΜοιοοοοΚοιιὶριιριηοοριοιιι-
973 2790 1128 2836 sPercorsali
1152 2791 1247 2837 cuidam
1269 2792 1391 2852 renituit]
1420 2793 1455 2840 Ut

350 2858 425 2904 bente
434 2871 479 2904 xv.
490 2863 516 2905 et
526 2871 623 2906 cxvur.
929 2863 1051 2910 Brutu’sni
1061 2864 1118 2910 clim
1129 2878 1144 2909 s
1153 2864 1277 2912 Romsuts.
1297 2866 1391 2913 Gellius
1398 2881 1422 2914 x.
1430 2870 1453 2915 8.

394 2940 407 2965 ⁰
424 2933 470 2980 Chi
486 2934 515 2980 ob
529 2935 583 2981 bens
597 2935 683 2982 meritc
695 2935 817 2995 parcimus
832 2934 877 2996 est]
928 2937 1015 2984 Festus
1024 2939 1097 2984 verbo
1107 2937 1225 2988 Brutiani.

350 3007 385 3054 Et
396 3008 488 3055 Gsssrs
504 3009 663 3056 habitantium
677 3009 703 3054 iu
719 3009 818 3056 historin
832 3009 877 3056 ιο·
973 3011 1059 3058 ⁴Hsec
1081 3012 1166 3059 inisset
1190 3027 1256 3060 nrcrs
1281 3015 1409 3072 cavillatio,
1433 3017 1454 3063 si

350 3093 400 3127 susc
409 3081 457 3128 xvi.
467 3083 504 3130 10.
536 3083 677 3143 Gorgoneos
691 3084 722 3130 sd
734 3083 825 3130 Christi
836 3097 876 3130 us-
924 3085 1097 3144 juramentum,
1111 3087 1137 3132 in
1149 3101 1174 3133 ss
1190 3092 1333 3148 spectatum,
1347 3089 1452 3136 validum

351 3289 426 3346 what
440 3289 508 3362 they
521 3291 590 3355 said,
604 3307 662 3345 ver.
675 3293 701 3354 7,
714 3293 915 3351 Psrcdcenture
926 3313 959 3367 ys
973 3298 1052 3352 dwelt
1063 3316 1163 3370 amone
1180 3317 1220 3365 ιιι,
1241 3301 1301 3354 crui
1310 3301 1369 3354 tow
1383 3301 1453 3356 etati

350 3392 389 3430 wc
396 3375 473 3428 make
484 3392 503 3429 ο
518 3375 607 3445 owse
620 3377 685 3430 witi
699 3378 778 3446 porti
798 3395 863 3450 may
874 3381 910 3435 be
925 3383 1096 3438 understood
1111 3401 1141 3439 us
1151 3401 1189 3439 sn
1202 3387 1314 3456 inquiry
1324 3384 1452 3442 whether

349 3458 399 3513 tbe
411 3459 576 3514 Gibeonites
586 3460 673 3515 esked
684 3461 730 3516 ior
741 3480 759 3517 ιι
771 3463 870 3534 lecgue
882 3465 915 3520 oi
924 3469 1048 3540 equality
1059 3486 1093 3523 or
1104 3470 1137 3524 of
1144 3471 1327 3535 submission;
1345 3488 1378 3525 or
1390 3471 1453 3527 tlrst

350 3543 419 3616 they
432 3543 523 3614 might
540 3544 616 3599 shevv
638 3546 702 3602 thet
722 3548 746 3603 it
767 3565 822 3604 vves
845 3556 896 3606 not
918 3551 1013 3606 lsvful
1033 3553 1080 3623 rfor
1100 3554 1149 3610 the
1164 3555 1298 3610 Hebrevs
1318 3561 1350 3611 to
1369 3556 1453 3612 mcke

349 3628 463 3699 leugues
474 3628 542 3684 vith
556 3633 664 3686 certein
678 3635 810 3705 peoplesr
827 3641 878 3691 not
892 3641 922 3692 to
936 3637 1026 3710 imply
1039 3638 1103 3693 thst
1116 3639 1184 3711 they
1197 3641 1290 3694 would
1305 3647 1356 3696 not
1369 3657 1452 3713 spere

349 3713 425 3769 their
437 3714 506 3769 lives
526 3714 552 3768 ii
570 3715 639 3788 they
652 3719 847 3775 surrendered.
892 3723 948 3778 For
966 3723 1016 3777 the
1035 3724 1128 3780 divine
1147 3725 1209 3790 levv,
1223 3725 1314 3780 which
1330 3726 1452 3782 devoted

349 3798 430 3854 those
440 3801 555 3870 peoples
567 3808 597 3856 to
612 3801 793 3871 destruction,
806 3822 863 3861 vves
874 3811 904 3862 ιο
916 3806 952 3862 bo
963 3809 1135 3864 understood
1146 3809 1185 3882 by
1196 3811 1452 3883 comperison'vith

348 3882 398 3938 tire
412 3891 471 3939 rest
484 3884 517 3940 oi
529 3885 578 3940 the
592 3885 653 3952 lev,
667 3889 696 3942 in
710 3889 780 3944 such
794 3907 875 3947 sense
886 3892 949 3947 thet
963 3895 987 3948 it
1000 3911 1055 3949 vas
1067 3900 1098 3950 to
1112 3895 1178 3950 tolie
1193 3896 1229 3950 its
1241 3912 1340 3951 course
1351 3903 1451 3969 except

348 3985 405 4039 sny
416 3985 470 4023 one
481 3971 616 4026 uttended
628 3981 659 4026 to
673 3973 723 4030 the
734 3977 866 4046 naming,
881 3977 937 4032 sud
950 3978 998 4033 did
1010 3981 1083 4036 vhst
1094 3997 1149 4035 vas
1164 3981 1348 4036 commended
1360 3981 1448 4038 them.

349 4053 417 4109 This
424 4071 542 4126 appears
551 4057 581 4109 in
592 4056 641 4112 the
650 4056 759 4130 history
770 4060 803 4115 of
811 4061 920 4127 Rnheb,
931 4063 994 4118 vho
1003 4082 1058 4120 vves
1067 4066 1183 4138 spered3
1197 4067 1255 4122 sud
1263 4067 1297 4121 oi
1306 4067 1450 4132 solomon,

350 4138 410 4192 viro
429 4147 481 4210 put
499 4138 548 4195 tho
562 4142 721 4198 remeiuder
736 4145 770 4199 of
784 4145 833 4201 the
849 4148 1015 4206 Cmesuites
1033 4151 1125 4206 under
1146 4167 1165 4206 s
1180 4151 1287 4207 tribute
1308 4129 1450 4208 oi‘boud-

347 4239 461 4281 seruce.

406 4315 423 4365 3
444 4310 510 4364 And
527 4315 557 4366 ιο
569 4311 625 4367 this
635 4312 704 4367 viev
718 4313 835 4387 belongs
846 4317 920 4374 what
934 4320 958 4374 is
972 4320 1032 4376 said
1045 4319 1139 4377 inthe
1150 4321 1226 4377 book
1238 4322 1271 4378 of
1279 4322 1395 4386 Joshus,
1410 4324 1449 4378 xi.

348 4399 391 4458 19,
404 4401 448 4462 20,
463 4396 526 4452 thet
539 4413 613 4452 noue
628 4398 661 4452 oi
677 4397 726 4454 the
743 4417 828 4457 seven
844 4404 923 4459 eities
938 4405 972 4460 oi
984 4407 1098 4461 Censen
1117 4407 1200 4461 mede
1214 4407 1370 4478 peccetur
1384 4407 1450 4462 (1οά

347 4479 405 4534 hed
416 4481 560 4538 herdcned
572 4483 646 4538 their
657 4485 751 4542 hesrts
764 4486 825 4543 thet
836 4487 904 4563 they
918 4489 1009 4564 might
1022 4492 1093 4548 here
1105 4508 1142 4547 nc
1154 4493 1256 4549 isvour
1262 4512 1271 4558 ς
1294 4492 1449 4548 vhereiore
