3282 5136
144 342 219 399 cnr.
232 341 331 410 xm]
520 344 573 398 nn
594 343 886 402 suessonense.
1192 335 1255 403 107

144 509 234 576 Nem
250 507 339 596 prins
361 512 412 576 val
433 513 466 575 et
490 503 528 575 οὗ
550 507 735 594 promissum
758 509 922 599 signifieat,
943 509 1099 598 posterius
1114 510 1181 597 ejus
1197 509 1256 575 im-

147 609 352 696 plementum
403 609 465 674 Est
490 605 572 672 enim
596 605 647 676 vol
663 608 893 694 promittentis:
916 610 1001 676 unde
1016 632 1074 698 per
1099 607 1182 693 ἁμήν
1198 630 1254 674 ex-

147 707 287 796 plicatur
311 708 408 796 Apoo.
437 705 459 776 i.
488 705 519 784 7,
544 706 740 796 eundemque
768 730 890 774 sensum
919 709 1016 776 hebet
1040 711 1125 796 qnod
1149 709 1199 775 hio
1221 711 1254 777 in

151 813 286 903 Syr-inno
302 822 359 892 est,
377 826 424 900 ps:
440 812 633 901 respondens
648 813 820 881 Rabbinioo
845 826 893 900 ΓΠ
921 824 954 882 ot
974 815 1142 885 Arubionm
1170 809 1254 944 ξύ,

150 938 308 1025 quomodo
324 937 407 1026 apud
428 936 663 1024 jurisconsultos
686 939 844 1005 Romanos
866 935 1047 1018 μάλιστα3,
1066 951 1099 1008 et
1115 943 1254 1030 quidni?

150 1045 235 1104 noter
247 1045 321 1105 sunt
332 1037 549 1124 respondentis
564 1037 606 1103 ad
623 1036 862 1122 stipulationem.
888 1039 952 1105 Pro
969 1039 1167 1128 implemento
1182 1067 1254 1132 pro-

150 1135 305 1204 missionis
333 1137 464 1202 sumitur
493 1137 578 1224 spud
604 1136 737 1202 Paulum
765 1139 786 1202 2
817 1137 959 1205 Corinth.
986 1140 1006 1204 i.
1036 1142 1089 1218 20,
1113 1162 1182 1208 eum
1208 1145 1254 1211 ait

151 1237 256 1304 omnin
283 1235 345 1301 Dei
371 1235 523 1323 promisse
550 1235 584 1301 in
619 1236 745 1302 Christo
771 1257 838 1303 esse
869 1237 918 1307 uui
948 1237 1001 1307 rai
1027 1235 1117 1322 ἀμήν.
1168 1243 1253 1311 Hine

150 1343 243 1402 retus
264 1335 475 1402 Hebraeornm
495 1334 621 1414 dietum
639 1337 652 1377 ⁴
654 1337 742 1420 justi
760 1337 901 1404 hominis
923 1337 973 1407 uni
991 1349 1038 1406 est
1060 1338 1120 1418 vni,
1139 1353 1170 1409 et
1189 1365 1253 1410 reon

150 1447 198 1501 est
220 1457 296 1502 non.

220 1537 242 1601 3
278 1535 408 1612 Contrss
424 1555 556 1622 quorum
573 1533 658 1600 seete
673 1554 693 1599 e
709 1531 799 1600 dietis
815 1535 1000 1626 discrepant,
1014 1539 1099 1627 opud
1116 1561 1170 1608 eos
1185 1563 1252 1609 esse

153 1633 268 1701 dieitur
285 1631 334 1703 rai
362 1632 414 1703 nal
440 1629 489 1710 ον’,
514 1635 536 1698 2
560 1633 701 1699 Corinth.
724 1633 895 1712 i.18,19,
922 1637 954 1702 id
981 1646 1038 1714 est,
1067 1645 1117 1709 val
1143 1663 1250 1707 eorum

152 1754 220 1799 esse
236 1730 286 1814 οὐ,
303 1740 337 1799 et
356 1730 394 1802 ον’
411 1755 478 1799 esse
501 1731 559 1800 val.
611 1732 663 1798 Sio
688 1730 803 1797 Paulus
828 1733 993 1820 Apostolus
1015 1737 1083 1824 ipse
1105 1740 1251 1826 exponit:

152 1853 225 1898 nem
257 1853 326 1899 eum
354 1839 498 1922 negasset
524 1853 558 1898 se
584 1825 726 1923 ἑλαθρίᾳ
754 1827 957 1924 χρήσασθαι,
989 1835 1119 1903 levitate
1145 1861 1249 1918 usum,

154 1931 243 1998 uddit
259 1953 434 1998 sermonem
454 1953 544 1997 sunm
565 1952 628 1996 non
645 1929 739 1996 fnisse
762 1929 811 1998 vni
838 1929 891 1998 rai
918 1928 966 2000 οὗ.
1018 1933 1130 2001 Festus
1148 1935 1252 2002 varies

152 2031 293 2098 referens
309 2030 479 2098 sententias
494 2030 535 2097 de
551 2029 776 2120 significatione
793 2029 876 2095 vocis
892 2053 1044 2109 οοιιοιιοι,
1062 2033 1105 2098 sin
1122 2035 1248 2101 scribit:

153 2133 289 2218 puidam
306 2130 419 2217 (nunt)
441 2151 480 2196 ee
494 2152 600 2216 proeoo
616 2129 688 2197 unoll
709 2127 759 2196 tal
780 2124 856 2223 οὐχὶ
885 2131 981 2197 enen
1004 2133 1163 2200 hominem
1186 2137 1251 2222 eip-
1345 2169 1349 2177 ·

153 2232 294 2316 noscare
348 2229 490 2309 Quodsi
516 2227 567 2300 uel
593 2226 647 2296 καὶ
672 2224 709 2295 οὐ
733 2227 892 2295 leuitatem
918 2228 1082 2320 signifieat,
1099 2233 1249 2321 sequitur,

154 2329 202 2397 vai
221 2329 282 2411 val,
300 2326 336 2398 ον’
355 2325 404 2407 οὑ,
422 2329 625 2395 constentiam
640 2325 800 2416 significet.

228 2433 251 2493 4
284 2429 373 2494 Idem
389 2449 467 2516 ergo
483 2426 559 2494 dioit
581 2425 724 2492 Christus
741 2426 825 2513 quod
840 2427 970 2496 ¹Phi10:
997 2426 1182 2502 :cithaeron
1198 2429 1251 2501 καέ
1264 2441 1376 2538 g‘yss‘g‘h

153 2525 438 2622 βιωφελὲστατον
460 2526 511 2595 καὶ
535 2523 707 2616 ἁρμόττον
732 2529 858 2620 λογικῇ
880 2525 984 2622 φύσει
1010 2529 1052 2596 rt
1075 2527 1252 2614 ἀνώμοτον,

154 2623 256 2702 οὕτως
288 2625 458 2709 ἀληθεύειν
489 2621 547 2720 ἐφ’
577 2622 723 2694 ἑκάστου
758 2617 982 2727 δεδιδαγμένοι,
1015 2626 1054 2702 οἷς
1089 2629 1166 2704 τούς
1195 2627 1253 2701 λό-

155 2754 235 2816 γους
260 2726 370 2818 ὅρκους
397 2729 479 2796 εἶναι
507 2720 707 2819 νομίζεσθαι·
739 2728 906 2814 Optimum
922 2741 1021 2814 atque
1042 2731 1254 2798 utilissimum

151 2839 182 2894 et
205 2828 367 2894 rationali
390 2838 520 2892 :tuturos
547 2827 881 2892 convenientissimum
904 2838 949 2890 est
967 2828 1154 2909 juramento
1181 2833 1255 2896 abs-

197 2982 677 3047 ⁴RepertturspndBuxronr1unr,Ho·
728 2994 837 3029 merum:
852 2981 876 3028 id
891 2981 955 3027 enim
971 2982 1002 3028 sd
1015 2995 1098 3029 roeem
1113 2986 1183 3033 nnuoi
1197 2999 1254 3046 pro-

59 3043 66 3050 ·
152 3062 350 3124 fiteupsgffltl.
380 3060 451 3107 J.B.
726 3058 782 3118 pius
791 3058 889 3104 aceedit.

196 3146 208 3172 Ι
223 3137 273 3184 Nol
288 3137 329 3184 sal
344 3135 412 3196 οὐχι]
432 3135 509 3182 Recte
518 3134 542 3180 in
553 3133 599 3180 hoo
609 3132 678 3180 Festi
770 3141 783 3167 ¹
798 3131 883 3193 Philo]
899 3133 938 3180 De
948 3134 1072 3194 dooslogo.

152 3212 205 3261 loeo
215 3212 337 3274 rorlpssrir
351 3211 413 3268 utel,
421 3215 450 3256 ut
464 3221 529 3269 seps
543 3209 607 3269 spnd
623 3208 676 3254 llo-

151 3422 211 3478 nin
224 3419 331 3477 future.
364 3421 433 3478 'l'his
454 3421 560 3494 plainly
579 3437 698 3494 appears
719 3421 750 3476 in
764 3420 813 3476 the
831 3422 921 3478 words
939 3421 972 3478 of
986 3420 1088 3486 Christ,
1103 3421 1206 3476 Metth.
1219 3439 1252 3476 v:

152 3507 209 3562 end
220 3509 250 3562 in
259 3507 310 3562 the
321 3523 422 3563 resson
432 3506 523 3562 whioh
536 3508 571 3562 et
581 3506 678 3562 Jeme:
689 3507 1014 3579 sdds,r.12,lestyesall
1027 3507 1083 3561 into
1095 3509 1255 3562 οοοάοοιιιο-

153 3593 216 3658 tion,
229 3593 374 3664 ὑπόκρισιν,
385 3595 417 3658 is,
429 3595 474 3648 lest
485 3611 519 3664 ys
530 3595 558 3648 he
564 3593 827 3664 souodsulhwtous.
866 3594 921 3649 See
936 3593 985 3648 the
997 3609 1136 3663 passages.

158 3703 161 3708 ·
206 3685 224 3733 2
245 3679 307 3735 'l'he
321 3695 397 3736 seme
411 3681 434 3734 is
446 3679 551 3752 proved
570 3679 609 3749 by
625 3678 673 3734 the
689 3678 779 3733 words
794 3679 827 3732 ot
839 3677 941 3743 Christ,
960 3679 1011 3732 Lot
1028 3695 1101 3748 your
1115 3680 1204 3734 words
1225 3681 1254 3735 te

151 3782 210 3836 you,
221 3783 281 3837 μον,
293 3765 350 3819 and
360 3783 424 3836 noy,
435 3781 509 3836 my:
522 3763 614 3820 which
631 3764 665 3818 st
676 3763 772 3818 Jemes
787 3764 921 3835 explains,
935 3763 986 3818 Lot
997 3781 1070 3833 your
1080 3781 1133 3834 yso
1149 3767 1177 3819 be
1191 3781 1253 3834 peu,

154 3852 211 3905 ond
225 3868 297 3922 your
313 3869 378 3922 noy,
392 3869 464 3922 noy:
482 3851 589 3915 thetis,
602 3851 643 3905 let
660 3865 732 3921 your
743 3867 795 3921 you
807 3866 890 3904 menn
901 3866 920 3903 ο
933 3851 1041 3904 sineere
1054 3855 1178 3915 consent,
1197 3851 1253 3906 end

154 3953 224 4010 your
238 3954 294 4007 nep
304 3953 323 3990 n
333 3936 457 3992 resolute
468 3935 581 3991 refusal.
619 3936 673 3992 See
686 3935 735 3989 the
747 3934 939 3990 illustratione.

158 4011 163 4018 ¹
208 4027 225 4076 3
248 4021 293 4076 On
314 4021 365 4076 the
385 4027 524 4094 contrary,
541 4021 622 4076 those
643 4020 735 4075 whose
757 4027 816 4075 sets
836 4035 884 4076 ere
905 4025 935 4075 st
951 4019 1080 4076 vennnoe
1095 4019 1162 4075 with
1179 4019 1254 4078 their

155 4106 243 4162 words
262 4123 310 4163 ere
324 4107 405 4164 those
423 4107 516 4163 whose
530 4107 606 4162 word
621 4107 645 4162 is
660 4125 711 4178 psa
729 4108 788 4160 and
803 4124 867 4178 noy,
882 4113 897 4160 1
911 4107 976 4161 (lor.
990 4107 1008 4160 i.
1023 4113 1066 4171 18,
1082 4112 1125 4164 19.
1145 4106 1254 4173 thetis,

155 4192 228 4248 their
246 4211 298 4264 yso
315 4193 338 4249 is
356 4211 421 4264 noy,
440 4193 497 4247 end
514 4193 589 4248 their
602 4211 658 4264 noy
676 4194 701 4247 is
719 4210 787 4264 you:
805 4209 836 4247 ss
857 4193 891 4246 St
903 4193 974 4248 Paul
986 4191 1102 4247 himself
1117 4193 1252 4263 explains.

155 4277 208 4333 See
218 4278 339 4334 Festus's
351 4279 511 4351 etymology
523 4278 557 4334 of
568 4295 695 4333 murum.

204 4371 222 4418 4
257 4364 412 4420 Therefore
432 4364 525 4420 christ
544 4365 604 4420 suid
623 4365 673 4419 the
695 4379 772 4420 seme
789 4363 871 4436 thing
887 4381 918 4419 ss
936 4365 1029 4429 Philo,
1046 4363 1110 4418 thet
1127 4360 1176 4415 the
1191 4360 1255 4416 best

154 4449 233 4521 thing
247 4449 346 4505 lsthnt
358 4467 410 4506 our
424 4451 499 4506 word
511 4450 612 4507 should
619 4450 655 4506 be
668 4466 697 4506 ss
713 4467 765 4506 our
777 4449 853 4506 onth.
890 4451 929 4506 So
940 4451 989 4506 the
1000 4451 1127 4511 Essenos,
1137 4446 1252 4502 uecord-

154 4533 201 4607 lng
213 4543 243 4592 to
255 4535 405 4608 Jesephus.
