3282 5136
328 331 392 394 138
538 339 591 394 DE
612 337 832 393 FEDERIBUS
855 334 903 391 AO
927 333 1218 392 SPONSIONIBUS.
1305 333 1379 403 [Lm.
1392 334 1431 391 Π.

327 498 504 568 hominibus
517 521 677 567 commune
692 508 750 579 est,
767 509 804 568 ut
825 498 999 589 Religionis
1014 497 1179 567 discrimen
1192 519 1254 565 non
1274 497 1432 568 admittet.

329 601 393 667 Sed
410 600 450 665 de
469 599 543 686 jure
563 599 668 666 divino
694 600 857 687 queritur,
877 620 917 666 ex
940 620 1002 686 qno
1026 599 1108 665 benc
1134 599 1336 686 quoeetioncm
1350 608 1434 666 trae

163 727 291 776 masaa
327 706 398 767 taut
416 693 492 765 ¹uon
510 698 662 788 Theologi
683 707 814 776 tautum,
837 698 892 765 sed
916 707 950 766 et
965 697 1263 766 Jurisconsultorum
1281 697 1431 776 nonnulli,

163 775 314 864 arelat.
328 799 412 866 inor
429 819 507 887 quos
524 799 683 866 oldradus
699 807 732 864 c
747 797 913 864 nonnus

163 865 289 953 debilem
402 900 461 965 IX.
510 900 529 962 1
562 897 732 965 Videamus
755 896 889 984 primum
914 896 954 963 de
971 896 1045 985 jure
1067 897 1171 965 divino
1197 896 1309 975 reteri,
1332 895 1433 964 eoturi

328 996 441 1064 deinde
467 996 507 1063 de
533 1018 623 1063 novo.
674 995 789 1075 Pedes,
811 1017 875 1062 uon
899 996 1031 1063 nocendi
1055 1018 1157 1074 conse,
1184 1019 1254 1064 cum
1281 995 1433 1064 ebenus

327 1096 494 1185 Religione
510 1095 696 1162 contrahere
711 1103 786 1162 ante
802 1095 900 1162 Moeis
916 1096 1018 1185 legem
1035 1095 1132 1164 licuit.
1179 1095 1370 1183 Exemplum
1383 1103 1432 1162 est

165 1194 362 1262 camnis
388 1195 496 1262 federe
520 1193 633 1262 Jacobi
659 1215 728 1260 cum
755 1195 903 1262 Labane:
929 1204 965 1262 ut
984 1194 1052 1282 jam
1077 1195 1118 1262 de
1147 1193 1327 1262 Abimeloco
1353 1193 1432 1260 nihil

163 1315 316 1402 ganam
330 1293 439 1373 dicem,
473 1294 598 1382 quaudo
630 1315 693 1360 non
731 1293 808 1362 sotis
842 1302 964 1360 constat
992 1316 1064 1360 eum
1096 1292 1192 1362 fuisse
1223 1293 1430 1362 idololatram.

328 1393 441 1480 Neque
472 1394 506 1460 id
541 1394 592 1459 lex
629 1414 687 1480 per
717 1394 837 1460 Moecm
874 1393 950 1459 data
988 1393 1131 1460 mutavit.
1183 1393 1337 1481 Exemplo
1368 1393 1431 1459 eint

163 1492 487 1581 naturitaAEgypffi,
505 1492 590 1559 haud
615 1490 710 1558 dubie
734 1500 808 1558 tunc
832 1491 1016 1560 idololatrae.
1067 1494 1136 1558 Hos
1159 1500 1265 1559 tamen
1289 1492 1431 1558 aversari

328 1601 478 1659 vetantur
496 1590 638 1658 Hebraei.
684 1590 867 1678 Exeipiendi
890 1600 963 1658 sunt
977 1591 1084 1680 populi
1099 1600 1219 1678 septem
1239 1591 1345 1658 divina
1360 1612 1430 1656 sen-

327 1691 428 1756 tentie
456 1691 604 1769 damnati,
639 1689 726 1776 cujus
758 1689 921 1756 sententia
955 1699 1137 1757 executores
1168 1699 1261 1758 erant
1292 1690 1430 1780 delegeti

161 1805 297 1892 ⁶penula.
327 1789 500 1869 Israeliten
526 1811 598 1856 nam
625 1789 675 1856 his
701 1789 734 1856 iu
759 1789 936 1856 idololatria
958 1790 1179 1877 perstantibus,
1205 1799 1238 1857 et
1264 1789 1429 1877 imperium

187 1863 240 1901 'm‘
327 1888 582 1966 detrectantibus,
600 1910 730 1975 parcere
746 1897 902 1967 vetantur,
921 1889 1033 1975 quibus
1056 1888 1167 1955 itidem
1181 1888 1308 1956 decreto
1325 1887 1430 1957 divino

161 2011 313 2061 amaneu,
326 1987 426 2054 additi
440 1995 514 2054 suut
529 1987 720 2054 Amalecitoe.

159 2061 239 2108 ‘⁰⁶⁹⁹'
403 2089 424 2152 2
459 2087 583 2153 Federa
607 2107 730 2173 quoque
757 2085 1020 2165 commerciorum,
1038 2097 1072 2155 et
1094 2109 1164 2174 qum
1185 2087 1236 2154 his
1254 2086 1366 2154 similia
1387 2086 1429 2153 ad

326 2184 493 2252 utilitatem
509 2205 710 2262 communem,
730 2192 786 2251 ant
810 2185 939 2252 alterius
960 2187 1060 2275 partis
1076 2187 1246 2274 pertinent,
1263 2186 1343 2252 inire
1359 2208 1428 2252 cum

325 2283 464 2370 profanis
487 2284 559 2350 licet
579 2305 637 2370 per
661 2283 784 2372 legem:
807 2283 884 2350 nihil
911 2285 992 2350 enim
1018 2285 1176 2372 reperitur
1204 2286 1289 2372 qnod
1314 2284 1428 2352 obstet.

159 2407 302 2448 asareem.
325 2384 368 2448 Et
395 2382 540 2468 exempla
568 2383 718 2447 hebemus
743 2382 895 2460 federum,
924 2405 996 2471 quse
1022 2384 1127 2451 David
1153 2393 1187 2451 et
1211 2384 1335 2451 Solomo
1358 2406 1428 2450 cum

324 2481 457 2547 Hiromo
478 2480 647 2570 Tyriorum
671 2503 748 2570 rege
770 2481 931 2548 fecerunt:
956 2505 994 2548 ac
1014 2483 1186 2550 notandum
1205 2482 1240 2549 iu
1261 2503 1350 2550 saera
1364 2483 1427 2549 bis-

160 2591 257 2641 wov-
266 2589 295 2631 12
324 2579 406 2646 toria
423 2579 484 2646 diei
499 2580 590 2646 fedus
604 2580 663 2646 hoc
679 2601 700 2646 a
716 2581 880 2648 Solomone
896 2581 1013 2649 factum
1023 2581 1120 2671 juxto
1135 2581 1320 2671 sapientiem
1332 2605 1428 2669 quam

325 2677 414 2744 Deus
430 2677 459 2744 ei
476 2678 615 2746 dederat.

159 2807 310 2893 padam&
400 2781 421 2843 3
456 2779 524 2844 Lex
540 2778 665 2865 quidem
683 2777 779 2847 Mosie
793 2777 968 2866 specialiter
980 2779 1115 2868 imperat
1128 2779 1312 2846 benefacere
1328 2802 1427 2868 popu-

161 2900 177 2939 1.
258 2864 272 2892 ²
323 2873 450 2955 laribus,
468 2874 612 2970 ἀγαπᾷν
636 2873 699 2946 τόν
717 2873 874 2959 πλήσιον·
898 2887 1056 2967 praeterea
1080 2878 1245 2968 peculiaris
1271 2879 1371 2946 vietus
1394 2887 1427 2946 et

322 2998 445 3044 morum
470 2976 552 3044 ratio
582 2977 606 3042 J
609 2977 704 3042 udaeis
731 2977 916 3065 praescripta
941 2977 1125 3044 familiarem
1152 3001 1222 3045 oum
1252 2977 1427 3045 hominibus

322 3076 434 3143 ceteris
457 3077 709 3143 cousuetudinem
733 3076 787 3142 rix
813 3077 1001 3164 patiebatur.
1045 3077 1090 3143 At
1111 3076 1183 3142 hino
1205 3098 1269 3143 non
1284 3077 1426 3162 sequitur

320 3184 377 3241 aut
395 3175 577 3242 benefacere
601 3173 759 3240 extraneis
781 3196 844 3241 non
868 3175 1001 3254 licuisse,
1018 3184 1074 3241 ent
1098 3175 1192 3240 ctiam
1211 3175 1368 3241 laudabile
1392 3175 1426 3242 id

321 3295 384 3338 non
409 3293 487 3351 esee,
513 3272 596 3360 quod
621 3272 703 3338 mele
726 3272 799 3340 inde
821 3273 947 3364 collegit
971 3271 1178 3362 posteriorum
1202 3274 1423 3378 megistrorum

319 3447 327 3481 ¹
347 3447 404 3495 Noa
422 3449 535 3508 fbcologt
552 3445 653 3509 tantum]
675 3447 740 3496 Puto
749 3448 896 3506 Antoninus,
907 3448 1044 3511 Celeteuus,
1054 3445 1165 3504 Toletns,
1180 3447 1280 3508 Mollem
1290 3448 1425 3509 versem,

792 3525 925 3574 Mulderus.

319 3755 451 3795 common
463 3746 493 3795 to
505 3739 544 3794 all
554 3757 621 3796 men
635 3739 698 3796 that
712 3741 736 3796 it
749 3741 909 3813 recognizes
924 3758 962 3797 no
977 3741 1142 3798 distinction
1152 3741 1185 3798 of
1193 3740 1334 3812 Religion.
1366 3739 1425 3795 But

318 3821 372 3881 the'
384 3827 514 3895 question
528 3827 552 3880 ie
563 3832 616 3898 put
627 3843 665 3882 ou
678 3826 728 3882 the
742 3827 853 3899 ground
868 3828 902 3882 of
913 3826 963 3884 the
977 3828 1081 3883 Divino
1095 3829 1171 3893 Low,
1186 3826 1242 3882 aud
1257 3842 1289 3881 eo
1304 3824 1424 3891 treated,

318 3917 370 3964 not
387 3911 453 3983 only
465 3911 503 3983 by
515 3911 702 3984 Theologiene
716 3913 769 3968 but
778 3911 937 3987 byJurists,
948 3914 1006 3968 und
1017 3931 1121 3985 among
1133 3912 1220 3980 them,
1231 3912 1270 3986 by
1282 3910 1423 3966 Oldredue

317 3996 536 4051 endDeoieuue.

375 4080 429 4135 IX.
476 4087 490 4135 1
521 4081 596 4136 First
611 4081 644 4136 of
658 4082 761 4138 Divino
781 4083 858 4140 Lau.
902 4085 956 4141 We
971 4084 1044 4140 heve
1061 4083 1203 4156 exemplet
1221 4082 1255 4138 of
1271 4086 1423 4138 coronante

316 4166 363 4222 for
380 4167 490 4221 mutual
504 4166 697 4234 forbearance,
718 4169 787 4224 with
803 4175 945 4241 strangers
962 4175 993 4226 to
1012 4177 1076 4226 true
1093 4170 1234 4241 Religion,
1254 4167 1354 4224 before
1373 4167 1423 4223 the

316 4253 370 4307 law
398 4253 432 4307 of
445 4253 547 4318 Moses,
573 4270 604 4308 as
626 4255 717 4310 Jacob
737 4254 804 4311 with
825 4256 933 4322 Lebcn,
952 4261 1004 4311 not
1025 4263 1055 4312 to
1081 4256 1168 4328 epeek
1191 4255 1226 4311 of
1246 4252 1420 4309 Abimelech.

317 4339 378 4394 The
392 4339 446 4394 law
461 4339 494 4394 of
506 4339 598 4394 Moses
613 4338 663 4394 did
677 4346 728 4395 not
740 4341 848 4414 change
859 4341 932 4398 this:
955 4341 1002 4396 for
1013 4342 1151 4414 example,
1164 4339 1214 4397 the
1226 4340 1361 4396 Hebrewa
1373 4355 1422 4395 are

316 4423 467 4481 forbidden
481 4432 511 4481 to
525 4430 599 4482 treet
619 4425 669 4481 the
686 4427 840 4502 Egyptians
855 4443 886 4484 ae
901 4429 1033 4484 euomies.
1079 4427 1141 4483 'she
1156 4443 1241 4483 seren
1254 4424 1375 4498 Peoplee
1391 4421 1426 4488 of
