3282 5136
184 359 251 413 Gru.
265 355 365 425 xlii]
550 359 602 414 DE
623 359 913 416 JUREJURANDO.
1242 353 1283 417 99

183 533 249 592 tum
261 529 416 612 congruet
433 522 546 602 verbis,
563 524 648 610 quod
664 524 747 592 idem
762 524 900 613 appellet
917 521 1069 618 εὐορκεῖν.
1104 526 1167 605 Qui
1182 525 1216 592 iu
1231 527 1285 594 illo

183 631 292 711 peccat
309 615 532 717 lpecdopceis
550 623 652 710 quiin
672 625 731 690 hoc
745 620 908 718 ἐπιορκεῖν
922 624 1022 692 eidem
1041 625 1221 714 Chrysippo
1238 625 1285 693 dl-

183 724 264 790 citnr
275 723 352 790 snm
366 723 519 800 distinete,
533 743 711 810 quanquam
727 723 873 790 confundi
886 723 1042 800 interdum
1057 725 1125 791 haec
1137 725 1247 793 solent.

255 821 346 890 XIV.
393 822 484 889 Etsi
505 822 631 908 quidem
656 822 789 888 muteris
809 823 881 890 telis
901 823 950 901 sit,
974 832 1008 890 et
1025 824 1122 890 verbs
1145 824 1191 892 ite
1213 847 1284 891 con-

183 929 284 1009 ceptu,
301 930 415 990 utnon
431 923 473 988 ad
489 921 593 988 Deum
608 930 730 988 tentum
747 922 803 989 sed
818 931 851 989 et
865 921 906 988 ad
923 921 1078 989 hominem
1095 923 1283 1003 referentur,

180 1020 232 1108 jus
249 1020 444 1088 hauddubie
467 1019 584 1086 homini
599 1043 639 1088 ex
655 1021 722 1108 ipso
744 1021 923 1108 juramento
940 1031 1108 1109 queretur,
1133 1031 1283 1110 tauquam

184 1142 225 1186 ex
245 1120 396 1209 promisso
421 1129 477 1188 unt
501 1127 662 1188 contractu
683 1120 737 1208 qui
759 1119 980 1209 simplicissimo
1005 1121 1138 1211 intelligi
1160 1123 1282 1191 debent.

185 1218 220 1287 Si
237 1243 313 1286 vero
333 1228 389 1286 unt
406 1220 504 1287 verbe
524 1219 679 1286 hominem
695 1241 758 1285 non
778 1219 947 1307 respiciant
959 1219 1012 1307 jus
1032 1221 1061 1288 ei
1084 1221 1282 1300 conferendo,
1318 1227 1321 1234 '

184 1327 240 1385 sut
261 1319 428 1406 respiciant
449 1318 584 1406 quidem,
605 1319 661 1386 sed
678 1319 797 1406 aliquid
818 1320 859 1387 sit
881 1321 966 1406 quod
985 1320 1015 1388 ei
1036 1320 1133 1408 possit
1157 1321 1281 1409 opponi,

185 1420 275 1485 ⁸tuno
290 1440 331 1485 ee
346 1418 392 1487 vis
408 1419 470 1486 erit
481 1417 694 1506 jurisjurandi,
711 1427 747 1485 ut
766 1420 858 1486 homo
880 1419 1005 1507 quidem
1021 1420 1074 1486 ille
1089 1420 1141 1506 jus
1163 1420 1282 1488 nullum

185 1527 400 1604 consequetur,
426 1527 462 1586 ut
481 1518 681 1585 nihilominus
703 1517 757 1606 qui
775 1517 895 1605 juravit
921 1520 992 1585 Deo
1017 1519 1172 1609 obligetur
1197 1529 1283 1587 stare

182 1616 395 1704 jurejurando.
437 1617 543 1705 Hujus
566 1617 613 1685 rei
633 1617 809 1705 exemplum
831 1626 879 1684 est
895 1611 942 1684 iiu
962 1618 1073 1705 ecqui
1089 1641 1147 1706 per
1165 1629 1283 1686 metum

185 1714 332 1802 injustum
349 1739 472 1784 causum
492 1716 686 1805 promissioni
698 1717 814 1804 jurstae
835 1717 930 1785 dedit
980 1717 1063 1784 Nem
1080 1717 1130 1784 hic
1146 1719 1199 1806 jus
1215 1718 1282 1784 nnl-

186 1814 249 1880 lnm
270 1816 479 1903 consequitur,
502 1825 559 1884 sut
574 1815 639 1883 tsle
660 1816 743 1903 quod
761 1816 895 1884 reddero
918 1816 1041 1895 debent,
1063 1817 1137 1903 quis
1159 1839 1284 1884 cuusem

185 1913 298 1980 dumno
321 1915 418 1983 dedit.
469 1915 521 1983 Sic
543 1915 685 1984 uidemus
706 1914 862 1982 Hehraeos
887 1936 979 2005 reges
1005 1923 1038 1982 et
1059 1908 1100 1980 Ιίο
1122 1916 1283 2003 prophetis
1295 1949 1413 1988 menn

185 2012 369 2102 increpatos,
393 2023 427 2082 et
447 2015 572 2102 punitos
587 2037 609 2081 e
624 2015 703 2092 Deo,
728 2014 812 2102 quod
832 2014 925 2080 fidem
944 2013 1083 2101 juratum
1100 2014 1284 2103 Babyloniis
1297 1995 1325 2043 ¹³
1335 1995 1364 2044 ¹⁸·
1374 1996 1403 2034 ¹⁵

184 2113 312 2202 regibus
327 2135 391 2180 non
404 2121 590 2183 servassent.
631 2113 758 2180 Laudat
775 2112 884 2180 Cicero
902 2112 1107 2202 Pomponium
1122 2113 1283 2181 tribunum

184 2212 238 2298 qni
259 2213 399 2280 seruerit
419 2214 503 2300 qnod
520 2224 642 2283 terrore
665 2221 789 2281 conotus
804 2213 986 2301 juraverat:
1011 2227 1148 2292 tantum,
1171 2212 1281 2300 iuquit,
1295 2233 1435 2320 pppppgsg

186 2313 379 2397 ommno
398 2315 469 2380 illis
481 2315 718 2399 jop‘crandum
737 2315 876 2380 caecas.
929 2314 1036 2392 Qnsre
1057 2335 1121 2379 non
1142 2313 1284 2403 Regulus
1297 2325 1389 2378 osolt
1407 2327 1426 2366 ι

184 2418 307 2478 tuntum
336 2411 441 2480 redire
465 2412 500 2478 iu
528 2433 695 2492 mucorem,
729 2420 766 2480 nt
791 2412 926 2481 maxime
959 2412 987 2480 is
1018 2412 1116 2480 inerit
1141 2412 1283 2500 injustus,

184 2579 620 2643 sddrmuudsmlidsmprnmhsorum.
628 2582 711 2629 Adeo·
759 2581 826 2630 Μ.

183 2655 710 2717 qnsnhtnbhgshonuliuesttctsvlsjuris·
801 2653 1004 2717 ΙΙοοοφιιοο·
1017 2660 1286 2719 minimum·

180 2729 278 2790 jmmnt
288 2731 360 2778 ondit.
389 2732 452 2780 Vide
465 2745 519 2793 qun
532 2735 617 2779 contu
630 2730 710 2791 dupli·
758 2745 810 2777 sm
815 2731 971 2791 promissioni
975 2731 1067 2790 jis-uto
1079 2734 1155 2796 dedit]
1171 2735 1252 2782 litism
1262 2736 1286 2782 vi

183 2821 236 2854 osm
246 2809 312 2854 illum
327 2807 506 2868 obligetiouem,
525 2819 596 2865 quem
616 2805 711 2851 Auctor
759 2809 881 2852 extortum
886 2805 1064 2867 jusjursndum‚
1072 2810 1104 2856 οι
1113 2809 1161 2856 Dei
1174 2823 1285 2857 revenn-

184 2881 230 2928 sihi
248 2882 327 2943 fingit,
341 2889 397 2943 post
411 2873 632 2938 musonem,
647 2880 708 2926 dixi·
758 2881 818 2926 tism
833 2880 976 2927 nuendum
986 2882 1058 2929 duest
1067 2883 1221 2943 Augustinus
1235 2885 1286 2946 epi.

184 2971 245 3016 mu,
256 2957 401 3019 capitejsm
411 2957 611 3018 sapiuslunsuco.
641 2955 710 3002 Nou·
759 2954 827 3000 stolis
837 2966 950 3001 ccxxiv.
962 2959 987 3000 st
997 2967 1096 3002 ccxxv.

184 3033 252 3079 nutis
270 3035 342 3080 stism
362 3033 407 3080 hsc
427 3033 457 3080 de
476 3047 503 3080 rs
527 3031 661 3079 sddidimns
684 3031 710 3076 in
803 3025 853 3075 *A
868 3029 994 3088 prophetis
1013 3029 1156 3090 increpatos]
1178 3031 1241 3079 Vide
1261 3035 1287 3080 st

185 3107 256 3156 iiods
275 3109 362 3156 uostris
381 3108 479 3156 Gelliois
493 3108 525 3154 sd
543 3107 607 3154 huno
620 3106 709 3154 locum.
758 3101 851 3150 Jerem.
861 3101 944 3150 xxxix.
953 3102 976 3149 5.

185 3362 253 3436 they
271 3362 347 3419 refer
364 3369 415 3418 not
429 3368 460 3420 ιο
476 3362 540 3418 (iod
555 3363 622 3435 only
634 3362 688 3418 but
705 3367 736 3418 ιο
755 3378 774 3416 e
790 3355 1161 3430 munulso‚[esif1swesr
1177 3363 1208 3413 ιο
1222 3359 1285 3430 give

185 3465 241 3522 you
255 3464 273 3504 s
286 3443 386 3521 thing]
401 3448 479 3514 theu,
490 3448 692 3520 undoubtedly,
704 3447 755 3503 the
767 3464 833 3501 msu
844 3447 970 3517 nequires
982 3461 1000 3500 s
1011 3442 1088 3516 right
1098 3443 1137 3516 by
1147 3443 1197 3499 the
1208 3444 1285 3512 usth,

185 3551 216 3590 ss
227 3535 301 3590 from
314 3551 333 3588 s
343 3535 465 3606 promise
480 3551 513 3589 or
524 3539 651 3590 contrect
665 3533 775 3606 simply.
803 3533 861 3587 But
875 3531 901 3584 if
908 3531 958 3586 the
969 3529 1060 3585 words
1072 3529 1109 3585 do
1121 3535 1172 3586 not
1183 3530 1285 3602 regni-d

186 3637 203 3676 s
214 3637 280 3675 mun
291 3637 322 3676 es
334 3620 493 3692 confer-ring
505 3636 542 3676 ou
553 3619 614 3674 him
626 3618 737 3690 sright,
746 3635 778 3674 or
790 3616 891 3689 segurd
902 3616 970 3682 him,
980 3615 1033 3670 ιοι
1043 3614 1116 3670 heve
1127 3615 1286 3688 something

185 3705 310 3778 opposed
328 3711 360 3760 ιο
376 3704 471 3772 them3
489 3703 559 3761 theu
573 3704 622 3760 tho
637 3705 721 3760 effect
738 3703 835 3759 nithe
855 3702 921 3757 ooth
941 3701 998 3756 will
1016 3701 1053 3756 be
1070 3699 1133 3755 thet
1151 3701 1201 3757 the
1219 3718 1286 3756 mun

185 3791 242 3846 will
256 3790 369 3864 scquire
381 3807 418 3846 no
437 3790 528 3864 right3
544 3790 597 3846 but
608 3789 645 3845 he
660 3789 722 3845 who
732 3788 784 3844 hss
795 3804 885 3844 suurn
897 3795 928 3844 ιο
941 3785 1005 3842 (iud
1017 3785 1071 3839 will
1082 3786 1119 3840 be
1130 3785 1243 3858 obliged
1255 3793 1285 3842 ιο

184 3876 267 3932 οιοοᾱ
280 3875 319 3948 hy
332 3875 377 3931 his
391 3875 467 3931 outh.
505 3876 573 3932 'I'his
588 3876 611 3930 is
627 3875 804 3947 exemplifled
818 3873 900 3930 when
914 3890 977 3938 one,
990 3872 1029 3944 by
1040 3871 1176 3945 inspiring
1190 3873 1287 3944 nujust

184 3961 254 4028 tear,
268 3960 319 4016 hus
330 3962 413 4032 given
428 3962 556 4018 occasion
571 3967 601 4016 ιο
617 3977 736 4016 usworn
750 3961 881 4032 promise.
920 3959 957 4014 So
976 3974 1019 4013 we
1036 3973 1083 4012 see
1101 3956 1150 4013 the
1164 3957 1285 4014 Hebrew

185 4045 267 4118 kings
277 4047 404 4103 rebuked
415 4047 452 4120 by
468 4045 517 4102 the
528 4045 672 4119 prophete,
687 4046 744 4101 und
755 4044 895 4118 punished
906 4045 945 4117 by
957 4043 1030 4109 (iod,
1042 4042 1087 4098 for
1098 4050 1149 4099 not
1162 4043 1285 4118 keeping

184 4132 260 4188 their
270 4131 344 4188 tuith
355 4131 424 4187 sith
438 4131 487 4188 the
500 4122 680 4205 Babyloniun'
689 4131 780 4204 kings.
815 4131 914 4186 Cicero
932 4129 1013 4186 leude
1028 4129 1210 4202 Pomponius,
1222 4129 1284 4183 who

184 4217 254 4288 kept
268 4234 305 4274 su
324 4217 392 4274 cuth
405 4219 488 4289 given
503 4219 594 4274 under
611 4224 720 4273 terror:
739 4217 811 4280 ιιιοι,
830 4215 867 4271 ιο
882 4233 953 4289 suys,
969 4233 1026 4271 was
1042 4215 1082 4270 tle
1096 4217 1177 4285 force
1197 4215 1232 4287 os
1247 4231 1286 4267 au

184 4305 248 4358 ooth
269 4313 299 4357 οι
317 4305 375 4358 that
390 4304 459 4358 time.
496 4303 560 4359 And
574 4303 663 4359 hence
684 4303 810 4374 Regulus
828 4318 883 4358 was
903 4301 1000 4359 bound
1021 4307 1052 4356 to
1071 4304 1170 4354 return
1190 4303 1221 4352 to
1242 4297 1286 4352 his

185 4387 407 4461 imprisonmeut,
422 4388 530 4462 though
544 4391 657 4462 unjust3
680 4389 737 4445 und
751 4387 831 4445 those
847 4393 896 4445 ten
913 4387 1007 4444 whom
1022 4385 1120 4442 Cicero
1138 4382 1286 4448 mentions,

184 4478 216 4549 to
229 4481 328 4531 return
339 4482 370 4531 to
385 4473 514 4532 Annibal.

1093 4564 1183 4634 7—e
