3248 5126
381 281 445 343 322
828 284 881 339 nn
903 284 1041 339 POENIS.
1356 281 1433 348 [Lm.
1447 285 1485 338 11.

380 446 457 514 sctis
473 446 608 514 ostendit
629 444 829 512 traditionem
845 465 866 509 a
882 443 990 529 primis
1007 441 1181 508 hominibus
1195 440 1237 507 ad
1254 462 1310 505 nos
1326 463 1485 530 propaga-

381 555 457 622 tam,
478 568 515 610 ac
541 565 698 630 nunquam
719 543 817 610 solide
838 543 1015 618 refutstam,
1037 541 1122 627 quod
1143 539 1194 605 vel
1214 539 1312 606 solnm
1329 541 1371 606 ad
1389 541 1484 608 fidem

382 644 555 712 faciendam
572 644 649 709 satis
665 651 722 708 est.

457 747 480 808 4
515 741 683 828 conjunxit
708 763 746 808 ea
772 762 841 827 qum
866 747 1038 806 memoraie
1062 737 1151 804 nobis
1171 737 1239 824 jam
1265 745 1337 802 sunt
1356 737 1398 802 de
1415 739 1485 803 Dec

217 857 354 942 ypati-n
381 841 466 908 Dion
495 839 694 920 Prusaeensis,
719 863 787 906 cum
813 839 893 905 dixit
917 833 1100 926 ὑπόληψιν,
1117 837 1152 902 id
1173 844 1230 914 est,
1252 836 1485 922 persuasionem

383 943 424 1007 de
439 944 519 1018 Deo,
537 940 629 1006 eliam
645 962 714 1005 esse
730 939 818 1004 nobis
835 947 1009 1026 cognatam,
1030 958 1073 1001 ex
1088 934 1282 1022 argumentis
1297 934 1414 1000 scilicet
1432 956 1484 1020 pe-

383 1041 484 1117 titam,
502 1035 626 1105 alinm'
612 1037 792 1120 επικτητον
811 1035 992 1122 acquisitam
1009 1057 1049 1100 ex
1066 1033 1246 1101 traditione.
1296 1032 1485 1098 Plutarchus

221 1153 249 1192 1¹⁸
235 1154 406 1255 ”qhm'
385 1139 515 1205 eandem
549 1146 641 1203 vocat
674 1134 819 1206 παλαιόν
852 1137 981 1214 πίστιν,
1016 1127 1051 1214 ἧς
1085 1128 1141 1200 οὑκ
1167 1161 1263 1201 εστιν
1287 1139 1393 1200 εἰπεῖν
1418 1125 1482 1199 ovd

219 1209 239 1246 p
385 1233 532 1328 ἀνευρεῖν
564 1231 757 1354 τεκμήριον
771 1229 1027 1324 ἐναργέστερον,
1061 1224 1158 1323 ἕδραν
1190 1229 1244 1299 cai
1277 1226 1380 1316 ficare
1407 1227 1485 1323 ὖφε-

385 1364 521 1404 στινσαν
554 1331 657 1414 κοινὴν
690 1327 773 1424 πρός
807 1328 995 1418 εὐσέβειαν·
1030 1334 1205 1416 antiquam
1227 1332 1483 1415 persuasionem,

385 1457 452 1519 poc
477 1433 609 1498 nullum
635 1433 750 1498 haberi
772 1433 879 1517 possit
905 1444 966 1496 οιιι
992 1432 1062 1496 dici
1093 1442 1319 1514 crynmentem
1352 1431 1482 1504 certine,

374 1534 673 1653 fnpdamcntcm'
658 1554 698 1596 ιιι
732 1553 894 1597 commuue
921 1531 1046 1651 pietati
1072 1531 1228 1613 ροιιιιιιιι.
1280 1524 1484 1592 Aristoteles:

222 1655 320 1700 noran
329 1654 370 1694 12
385 1627 506 1704 πάντες
528 1624 692 1720 ἅνθρωποι
716 1656 792 1720 περι
785 1621 940 1696 θεῶν’
924 1657 1058 1720 εχουσιν
1082 1621 1263 1715 ὑπόληψιν
1309 1626 1400 1692 Idem
1417 1646 1486 1691 sen-

202 1747 317 1840 poffi
311 1757 347 1795 ι
384 1753 437 1799 sus
461 1730 545 1815 apud
561 1730 724 1795 Platonem
741 1731 779 1793 de
795 1729 938 1812 Lepidos
952 1725 1081 1791 docimo.

460 1829 577 1896 XLVI.
630 1831 649 1892 1
687 1829 794 1906 Quare
818 1847 881 1890 non
906 1832 1020 1890 vacant
1044 1823 1135 1909 culpa
1160 1823 1223 1909 qui,
1249 1822 1369 1890 etiamsi
1389 1807 1485 1888 hehe

384 1927 472 1995 tioris
489 1928 552 1994 sint
575 1926 691 2016 ingenii
713 1947 804 2012 quam
827 1932 863 1989 ut
883 1931 970 1988 certa
991 1924 1033 1988 ad
1054 1921 1123 1986 illas
1140 1921 1281 1988 notiones
1297 1929 1485 2008 argumenta

383 2036 439 2094 aut
455 2026 594 2112 reperire
615 2026 743 2113 possint,
765 2031 822 2089 aut
839 2021 1112 2108 comprehendere,
1136 2041 1189 2085 ecs
1210 2020 1386 2107 repudiant,
1415 2042 1485 2085 cum

384 2125 473 2191 etad
490 2125 653 2190 honestum
679 2123 741 2188 sint
766 2123 867 2199 duces,
885 2129 918 2186 et
941 2119 1067 2185 diversa
1091 2119 1246 2185 sententia
1271 2118 1363 2184 nullis
1386 2140 1483 2206 argu-

382 2223 494 2288 mentis
510 2223 638 2288 nitatur.
664 2221 727 2287 Sed
744 2221 816 2307 quin
833 2220 872 2286 de
889 2219 986 2308 pronis
1003 2217 1176 2306 etquidem
1193 2217 1335 2283 humanis
1351 2217 1482 2305 agimus,

382 2319 547 2384 discrimen
572 2320 622 2384 hic
647 2319 857 2384 adhibendum
882 2326 929 2383 cst
955 2317 1038 2382 inter
1065 2315 1205 2382 notiones
1229 2316 1322 2404 ipsas,
1347 2325 1379 2382 et
1400 2315 1484 2382 inter

382 2415 507 2480 modum
531 2418 572 2482 ab
597 2416 635 2480 iis
660 2416 845 2481 discedendi.
888 2416 952 2481 Hae
972 2415 1122 2492 notiones,
1143 2437 1258 2481 numen
1274 2414 1398 2502 aliquod
1416 2435 1483 2480 esse

382 2517 490 2598 (unum
507 2536 548 2581 sn
564 2513 655 2602 plura
669 2516 796 2600 sepono)
814 2522 847 2580 ct
864 2513 966 2580 curari
983 2515 1023 2579 ab
1040 2536 1078 2579 eo
1094 2535 1145 2579 res
1160 2514 1330 2590 hominum,
1347 2514 1483 2578 maxime

381 2621 453 2678 eunt
476 2612 674 2691 universales,
698 2622 731 2679 et
753 2613 794 2678 ad
819 2613 1012 2701 religionem,
1038 2613 1104 2678 sive
1127 2634 1244 2689 veram,
1270 2613 1335 2677 sive
1359 2611 1481 2686 selsam,

264 2755 269 2768 ·
380 2713 627 2779 constituendam
655 2711 778 2778 omnino
808 2711 1008 2778 necessariae:
1041 2705 1102 2780 τόν
1134 2707 1407 2804 προσερχόμενον
1432 2713 1481 2798 τῷ

383 2814 469 2902 Θεῷ,
487 2812 534 2896 (id
560 2820 616 2888 est,
643 2815 701 2899 qni
723 2815 910 2898 retiyiocem
933 2813 1075 2877 habeat:
1100 2831 1173 2874 nam
1195 2811 1305 2899 religio
1332 2809 1481 2875 Hebraeis

381 2933 520 2977 accessus
537 2910 578 2976 ad
598 2911 698 2976 Deum
715 2913 856 2994 vocetur)
873 2911 1054 2978 πιστεῦσαι
1080 2901 1129 2976 ici
1151 2904 1205 2976 ότι
1230 2905 1318 2984 ἐστὶ,
1336 2907 1389 2976 cni
1407 2911 1480 2978 τοῖς

381 3007 573 3103 ἐκζητοῦσιν
590 3004 691 3076 αὐτόν
706 2999 951 3090 μισθαποδότης
968 3010 1115 3096 γίνεται·
1141 3031 1213 3074 eum
1236 3003 1363 3074 creden
1387 3030 1481 3093 opor·-

381 3121 424 3174 tet
441 3119 469 3174 et
486 3131 550 3174 esce
566 3109 682 3184 Deum,
701 3120 731 3172 et
748 3108 791 3170 ab
808 3129 842 3172 eo
853 3109 998 3190 proemia
1014 3109 1095 3172 dari
1111 3130 1144 3172 ee
1160 3108 1343 3173 colentibus.

705 3283 1022 3292 ——--—--·-—--——--o
1028 3285 1164 3292 ——0-—u

378 3395 458 3462 great
473 3388 609 3460 avariety
631 3387 665 3443 ol
679 3387 761 3443 other
779 3388 845 3442 lawe
864 3389 921 3442 and
942 3389 1024 3444 other
1044 3390 1182 3461 opinions,
1201 3389 1291 3444 shews
1311 3391 1479 3464 sufficiently

379 3494 397 3531 a
411 3477 545 3532 tradition
559 3475 732 3548 propagated
746 3475 819 3530 from
834 3474 884 3529 the
903 3474 965 3528 first
985 3491 1051 3530 rcoe
1068 3475 1101 3531 oi
1120 3483 1234 3530 mento
1252 3492 1294 3540 us,
1316 3476 1372 3530 and
1393 3493 1479 3533 never

379 3563 480 3633 solidly
494 3562 627 3626 refuted3
644 3561 735 3616 which
750 3561 783 3615 of
792 3561 871 3615 itself
882 3561 905 3616 is
917 3559 1055 3615 sufficient
1068 3566 1099 3616 to
1114 3561 1238 3633 produce
1249 3560 1345 3616 belief.

437 3652 454 3699 4
489 3646 551 3701 The
579 3648 672 3717 points
697 3646 787 3700 which
817 3663 857 3701 we
886 3646 954 3700 here
986 3647 1113 3701 mention
1140 3647 1310 3717 concerning
1339 3648 1404 3702 (iod
1429 3664 1478 3703 cre

378 3729 502 3799 brought
518 3731 649 3800 together
661 3731 699 3801 by
709 3733 764 3785 Dio
774 3731 952 3794 Pruaaeensis,
961 3731 1042 3785 when
1051 3731 1088 3786 he
1101 3749 1163 3802 ceys
1171 3730 1234 3786 thet
1245 3747 1298 3786 our
1309 3733 1476 3803 conception

379 3814 412 3867 oi
425 3814 488 3868 God
504 3815 526 3866 ia
542 3815 635 3884 partly
649 3815 779 3877 intercal,
794 3817 887 3885 partly
902 3817 1034 3886 acquired
1052 3817 1091 3888 by
1106 3817 1248 3872 tradition.
1291 3818 1330 3872 So
1342 3817 1477 3872 Plutarch

378 3897 478 3969 speaks
500 3897 533 3950 ol
552 3897 593 3950 tte
614 3901 720 3952 οιιιιιηι
734 3901 820 3972 saith,
834 3903 900 3954 them
916 3903 1001 3955 which
1021 3921 1057 3956 οο
1076 3921 1149 3957 more
1168 3903 1269 3957 eciderit
1285 3905 1374 3978 proos
1382 3921 1435 3958 οοιι
1449 3905 1477 3957 ba

369 3983 473 4054 seond,
492 3983 532 4036 ιιιι
551 3999 672 4036 common
682 3985 851 4056 foundation
872 3987 929 4039 ond
942 3987 1012 4041 ιοιιι
1030 3990 1158 4062 ospiety.
1205 3988 1244 4041 So
1267 3989 1402 4044 Aristotle
1420 3989 1475 4043 snd

377 4071 469 4126 Plato.

434 4155 538 4210 XLVI.
575 4159 589 4209 1
626 4153 793 4209 Wherefore
817 4155 885 4227 they
910 4173 959 4212 ars
985 4163 1036 4212 not
1063 4158 1212 4214 blameless
1240 4159 1311 4225 who,
1339 4158 1475 4230 although

376 4243 445 4314 they
459 4259 507 4296 aro
521 4247 569 4296 too
581 4241 641 4294 dull
660 4240 752 4296 either
770 4247 800 4294 to
822 4241 948 4296 discover
959 4260 992 4297 or
1004 4251 1033 4299 to
1049 4243 1221 4300 understand
1241 4243 1290 4299 the
1305 4245 1376 4300 solid
1393 4261 1475 4314 argu·

375 4335 467 4383 ments
491 4327 536 4382 lor
550 4327 630 4382 these
644 4326 738 4398 points
759 4326 792 4381 of
810 4326 904 4393 belief,
918 4330 1006 4399 reject
1022 4330 1119 4395 them
1141 4331 1217 4384 since
1235 4329 1316 4384 there
1332 4332 1412 4394 exist,
1430 4332 1476 4384 for

375 4413 462 4478 them,
485 4412 584 4486 guides
607 4417 637 4468 to
657 4411 707 4468 the
733 4412 810 4487 right
828 4429 897 4488 wey,
921 4413 977 4469 and
999 4415 1049 4471 the
1070 4415 1198 4488 opposite
1222 4415 1337 4487 opinion
1363 4415 1414 4470 hae
1437 4431 1474 4469 no
