3298 5128
378 361 442 426 268
825 372 877 426 ΒΕ
899 368 1036 428 POENIS.
1355 371 1427 440 [Lim
1439 373 1480 429 Π.

371 529 568 616 permissam
594 552 617 595 a
647 531 798 599 Greatore
824 531 952 596 omlum
975 532 1116 615 enipcnte
1133 551 1198 615 pro
1226 531 1326 606 oculo,
1349 544 1380 597 ot
1403 529 1480 598 dere'·

378 643 440 695 tem
451 653 517 715 pro
534 631 635 705 dente,
653 641 768 696 contra
783 632 853 714 ipee
869 630 1010 694 alteram
1022 630 1167 714 amplias
1181 632 1353 695 mamillam
1368 633 1481 715 offerri

370 729 496 813 jubens,
523 741 553 794 ct
575 751 672 814 supa
695 730 840 793 tunicam
859 730 970 814 pallio
995 750 1118 814 quoque
1142 729 1223 795 cedi.
1270 731 1380 794 Plane
1410 731 1479 796 laec

375 829 532 894 -Cltmstus
560 829 725 913 adjecerit,
749 839 786 892 ut
810 828 1030 913 supplementa
1058 839 1270 894 cunmtamo
1292 829 1478 912 disciplina

380 929 556 993 Creatoris.
607 929 714 1013 Atque
740 927 822 991 adeo
846 928 906 992 hoc
933 927 1048 992 statim
1071 928 1325 992 ementiendum
1349 939 1405 1003 cst,
1431 950 1477 992 an

377 1027 558 1112 disciplina
568 1028 742 1112 patientia
757 1026 959 1110 predicetur
976 1047 1073 1115 pates
1094 1027 1287 1092 Creatorun.
1334 1027 1395 1091 Sic
1412 1047 1476 1111 per

214 1127 288 1167 *Μ
381 1127 585 1192 Zachariam
602 1126 770 1211 precipit,
792 1145 831 1189 ne
856 1128 1076 1210 unusquisque
1096 1125 1264 1189 malitiam
1278 1125 1409 1210 fratris
1423 1128 1477 1191 rui

375 1227 567 1302 numiuerit,
590 1227 647 1290 sed
675 1245 731 1290 nec
755 1225 910 1314 proximi.
961 1226 1053 1288 Nam
1079 1235 1110 1288 et
1136 1245 1273 1289 raram:
1297 1225 1473 1300 malitiam,

376 1325 495 1410 iuquit,
506 1326 657 1410 protimi
672 1325 729 1389 sui
747 1323 962 1408 unusquisque
978 1345 1017 1388 ne
1032 1323 1191 1407 rocopitet.
1242 1323 1352 1388 Multo
1368 1327 1475 1409 mapis

372 1425 574 1509 patientiam
590 1424 714 1488 indicit
729 1421 871 1506 inparia,
888 1422 945 1508 qui
968 1423 1091 1487 indicit
1110 1422 1306 1487 obliuionem.
1353 1423 1421 1488 Sed
1442 1435 1474 1488 et

379 1544 478 1608 mam
494 1523 587 1599 dicit,
604 1523 687 1587 milei
713 1523 894 1587 uindictam
910 1532 942 1586 et
958 1543 1013 1605 epo
1028 1521 1210 1599 vindicabo,
1223 1522 1363 1607 proinde
1381 1523 1473 1607 pati·

375 1623 500 1688 entiam
525 1623 615 1687 docet
640 1622 793 1686 vindicta
820 1621 1090 1704 exspectatricem.
1140 1621 1184 1684 In
1212 1631 1370 1702 quantum
1398 1643 1472 1705 erpo

375 1742 440 1790 uon
462 1723 563 1808 capit,
588 1733 626 1785 at
649 1721 736 1785 idom
758 1721 911 1784 uideatur
936 1730 967 1784 ct
989 1720 1112 1784 dentm
1132 1740 1197 1805 pro
1219 1721 1320 1794 dente,
1345 1721 1473 1785 oculum

370 1842 437 1907 pro
458 1821 559 1897 oeulr,
579 1821 617 1885 in
641 1821 742 1885 uicem
762 1819 894 1903 inparia
916 1818 1051 1902 eripere,
1075 1818 1133 1903 qui
1156 1839 1221 1882 non
1242 1819 1335 1882 modo
1359 1819 1471 1895 uicem,

375 1922 554 1986 sedetiam
578 1921 741 1994 ultimam,
759 1920 859 1983 etiam
883 1919 1135 1982 recordationem
1157 1928 1187 1982 et
1212 1919 1472 2000 recopitationcm

376 2020 509 2104 injuria
521 2020 683 2105 prohibet,
701 2020 741 2082 in
759 2025 887 2082 tantum
904 2018 1054 2104 aperitur·
1069 2017 1160 2081 nobt's
1176 2017 1329 2101 quomodo
1345 2017 1472 2082 oculum

373 2139 438 2202 pro
454 2119 545 2184 oculo
567 2130 597 2183 ct
619 2119 744 2182 dentem
757 2138 824 2202 pro
848 2117 940 2181 dente
962 2116 1128 2196 censuerit,
1146 2136 1212 2180 uon
1232 2117 1279 2179 ad
1298 2117 1470 2181 secundam

374 2217 536 2299 iujuriam
563 2218 698 2282 talionis
720 2216 982 2298 permittendam,
1011 2236 1110 2301 qaam
1131 2214 1348 2300 prohibuerat
1374 2217 1471 2280 iuter-

376 2316 469 2379 dicta
485 2316 616 2387 altiorte,
633 2317 690 2378 secl
706 2316 752 2377 ad
762 2315 911 2398 primam
924 2315 1131 2380 coercendam
1145 2335 1244 2398 quam
1254 2314 1471 2398 prohibuerat

375 2415 526 2497 opposita
556 2413 686 2487 talione,
718 2419 757 2475 ut
783 2413 1000 2500 unusquisque
1033 2414 1208 2499 respiciens
1235 2413 1400 2477 licentiam
1425 2435 1472 2479 se-

375 2513 489 2576 cunda
514 2511 645 2594 injuria
672 2531 695 2574 a
717 2512 835 2595 prima
860 2513 1063 2596 semetipsum
1090 2513 1273 2577 contineret.
1318 2512 1472 2578 Facilius

373 2611 459 2675 enim
477 2611 544 2675 uim
568 2611 739 2694 comprimi
765 2611 829 2674 scit
850 2613 1132 2691 repraesentatione
1151 2611 1293 2685 taliones,
1309 2631 1406 2696 qaam
1423 2633 1472 2676 ro-

373 2710 583 2794 promissiouc
599 2710 743 2774 ultionis.
802 2709 984 2794 Utramque
1000 2721 1108 2776 autem
1123 2711 1383 2775 comtituendum
1393 2711 1471 2794 fait

368 2831 434 2893 pro
451 2821 576 2874 natura
594 2821 624 2874 et
643 2810 711 2892 fide
727 2809 902 2883 hominum,
923 2819 961 2872 at
981 2811 1038 2894 qai
1058 2811 1130 2875 Deo
1149 2809 1299 2885 crederet,
1317 2809 1472 2874 culmem

373 2931 398 2972 a
424 2911 495 2975 Deo
528 2920 746 2996 exspectaret:
772 2909 829 2994 qui
862 2908 973 2974 minus
992 2909 1119 2991 fideret,
1155 2908 1237 2993 lepos
1268 2908 1403 2974 talionis
1428 2911 1470 2973 ti-

374 3021 483 3076 moret.

449 3110 471 3173 4
515 3110 616 3174 Hanc
654 3105 732 3192 lepis
764 3107 961 3173 uoluntatem
989 3107 1029 3171 de
1059 3107 1223 3174 intellecta
1259 3107 1470 3184 liberantem,

374 3205 523 3274 domium
543 3219 573 3272 et
589 3207 729 3281 sabbati,
751 3205 889 3289 ellepis,
918 3218 948 3272 ct
964 3207 1107 3270 munium
1125 3219 1346 3292 paternarum
1364 3208 1472 3291 dispo-

372 3308 527 3370 sitionum
548 3305 696 3370 etratus
723 3313 752 3367 ot
779 3304 934 3369 rovelavit
950 3315 980 3369 et
997 3317 1169 3391 compotem
1186 3307 1281 3390 fecit,
1309 3307 1472 3371 mamam

373 3402 511 3467 alteriue
530 3422 652 3486 qaoque
674 3399 821 3465 mactilla
843 3403 1045 3480 oblationem,
1068 3415 1105 3469 ut
1127 3416 1218 3469 tanto
1243 3406 1350 3490 mapis
1371 3407 1472 3470 uicem

372 3502 504 3585 injuria
520 3502 727 3586 motmunt,
745 3521 845 3585 qaam
867 3511 898 3567 et
922 3503 971 3566 lou
989 3523 1053 3588 per
1079 3503 1232 3569 talionem
1247 3504 1393 3570 coluerat
1409 3505 1473 3569 im·

372 3687 415 3719 eur
424 3671 511 3720 uriom
519 3673 637 3732 permissa
646 3673 772 3733 culpantur
782 3673 801 3718 ii
811 3674 853 3734 aui
862 3673 897 3721 ad
945 3677 968 3721 et
977 3675 1012 3721 ad
1020 3675 1129 3724 ultionem
1139 3677 1194 3724 tulit
1202 3678 1300 3737 impetur
1305 3692 1317 3734 ,-
1331 3677 1360 3724 ol
1369 3677 1398 3724 id
1405 3677 1474 3738 dicit,

371 3761 423 3794 eam
432 3747 576 3794 desumant?
590 3761 659 3794 max:
672 3749 772 3808 ipnoscit
781 3749 848 3796 Deus
857 3751 896 3808 iit,
945 3750 1038 3796 oculum
1043 3765 1091 3810 pro
1101 3752 1183 3798 ocule.-
1198 3757 1225 3800 at
1234 3753 1310 3800 alibi:
1321 3755 1367 3800 eia
1376 3755 1474 3801 irarum

371 3833 430 3879 φοι
441 3819 537 3878 esem
546 3819 686 3866 emanue
695 3832 775 3865 mm
790 3819 897 3880 acapna
947 3825 1030 3873 amm
1041 3827 1076 3873 aa
1086 3833 1188 3886 mrtem,
1202 3829 1268 3889 que
1280 3831 1311 3885 e,
1326 3830 1368 3876 ees
1381 3831 1474 3877 naun

370 4070 406 4127 of
416 4069 466 4126 the
483 4069 539 4126 Old
561 4070 733 4136 Testament,
749 4071 813 4128 thet
832 4091 992 4147 sengeenoe
1013 4077 1036 4133 ie
1055 4082 1086 4133 ιο
1103 4076 1140 4133 be
1159 4077 1212 4133 left
1226 4083 1257 4134 to
1273 4077 1346 4134 God.
1391 4078 1473 4151 'l'ney

370 4157 434 4212 who
447 4156 556 4213 believe
567 4157 597 4210 in
612 4156 679 4222 him,
693 4175 741 4213 ere
755 4165 787 4214 ιο
801 4168 901 4233 expect
916 4161 978 4218 thet
993 4163 1038 4218 He
1055 4162 1112 4218 vill
1130 4163 1252 4236 punieh3
1273 4165 1343 4238 they
1356 4163 1417 4219 who
1432 4164 1471 4218 do

370 4253 431 4308 not,
445 4260 495 4299 ere
508 4249 539 4298 to
554 4242 616 4298 foer
629 4243 799 4299 retalietion.

423 4336 441 4384 4
470 4329 572 4392 ahda,
594 4326 632 4383 he
651 4328 729 4394 adde,
744 4330 793 4386 did
811 4337 861 4388 not
876 4333 989 4405 doetroy
1003 4333 1053 4389 the
1068 4335 1199 4406 tceehing
1214 4335 1247 4390 of
1260 4334 1310 4391 the
1326 4336 1382 4391 Old
1392 4335 1468 4390 Itan.

370 4415 433 4472 God
446 4415 497 4471 hes
508 4414 644 4488 provided
654 4415 756 4487 judgee
765 4418 798 4472 of
803 4418 904 4491 injury.
941 4419 1071 4476 Without
1080 4421 1144 4486 this,
1153 4421 1336 4477 forbearance
1351 4423 1422 4477 loeee
1431 4423 1470 4478 ite

368 4501 490 4558 reward:
508 4502 555 4559 for
566 4503 590 4558 it
603 4501 627 4558 ie
642 4501 680 4576 by
693 4501 743 4560 the
756 4503 819 4560 leer
832 4505 865 4562 of
876 4505 1059 4576 punishment
1073 4506 1137 4563 thet
1150 4508 1245 4582 injary
1259 4509 1283 4564 ie
1298 4507 1465 4566 controlled.
